5042 6726
1246 516 1476 574 Pssoonnlvn.

789 744 980 806 Matritensis
1004 745 1019 803 l
1046 762 1087 804 m.
1298 743 1492 806 Matritensis
1513 745 1536 807 2
1557 762 1598 803 m.
1876 744 2033 805 Ovetensis

549 861 599 926 ΙΙΙ
623 862 686 927 280
709 860 921 945 dominosq..
948 860 969 925 b
985 910 1166 925 ........
1214 860 1359 928 dominos
1382 861 1524 927 humeris
1548 881 1634 928 nunc
1722 859 1933 943 dominosque
1956 861 2080 927 Avares
2102 881 2188 927 nuuc

1256 965 1342 1031 ferre
1363 970 1478 1049 parata
1536 1038 1541 1053 ι
1765 962 1871 1048 patria
1894 962 1992 1029 ferret

622 1068 684 1132 284
707 1074 824 1151 pontes
1217 1073 1326 1150 postes
1724 1072 1840 1151 pontes

619 1171 681 1233 344
705 1168 787 1239 vidit
809 1170 869 1235 sub
892 1168 1009 1235 nostris
1032 1167 1171 1233 humiles
1216 1167 1297 1234 vidit
1311 1189 1370 1254 per
1384 1176 1510 1235 nostros
1524 1167 1632 1234 humi·
1719 1168 1802 1234 vidit
1824 1167 1884 1233 sub
1906 1168 2026 1234 noshis
2045 1168 2185 1232 humiles

743 1272 926 1354 fractosque
948 1270 1127 1356 triumphos
1256 1270 1676 1356 lesiaetosquetriumphos
1762 1270 1947 1354 fractosque
1969 1270 2140 1357 triumphis

619 1376 681 1439 350
705 1381 798 1458 grate
1211 1374 1313 1458 gratis
1715 1380 1809 1457 grate

545 1494 670 1560 Ceteris
692 1494 839 1560 omnibus
860 1493 958 1575 locis,
985 1493 1013 1557 si
1035 1513 1136 1559 unum
1156 1494 1341 1577 exceperis,
1375 1500 1443 1559 tam
1465 1492 1584 1577 exigua
1605 1492 1690 1558 inter
1712 1511 1767 1558 eos
1789 1492 1974 1559 differentia
1996 1492 2176 1572 intercedit,

544 1621 580 1679 ut
607 1620 663 1679 aut
684 1613 879 1680 Ovetensem
902 1631 920 1677 e
942 1612 1122 1678 Matritensi
1143 1612 1284 1678 nondum
1307 1620 1447 1678 correcto
1468 1618 1525 1677 aut
1547 1613 1661 1683 eodem
1683 1621 1854 1696 utrumque
1883 1611 2080 1698 descriptum
2110 1631 2180 1678 cre-

545 1733 622 1800 dere
644 1733 750 1819 possis
772 1754 813 1799 ex
835 1732 1030 1817 archetypo,
1064 1731 1155 1798 cuius
1177 1753 1198 1797 a
1220 1731 1357 1798 lectione
1380 1732 1486 1797 scriba
1507 1730 1603 1798 modo
1626 1731 1679 1797 hic
1702 1732 1796 1799 modo
1818 1732 1875 1797 ille
1902 1731 1988 1798 oculi
2018 1731 2178 1798 calamiae

544 1853 640 1937 lapsu
669 1852 838 1938 paululum
867 1851 1077 1919 aberraverit.
1125 1851 1191 1918 Sed
1213 1872 1277 1918 uno
1298 1852 1332 1916 iu
1354 1853 1452 1918 verbo
1475 1851 1673 1918 Matritensis
1696 1858 1728 1916 et
1750 1851 1921 1918 Ovetensis
1944 1871 2073 1937 prorsus
2095 1852 2179 1918 inter

547 1992 583 2039 se
606 1972 809 2058 discrepant:

1011 2095 1203 2155 Matritensis
1432 2124 1435 2130 ·
1545 2096 1703 2156 Ovetensis

765 2195 816 2259 III
838 2198 900 2259 276
1057 2195 1155 2279 plene
1584 2201 1663 2279 potu

544 2350 571 2413 Ε
601 2348 739 2414 lectione
767 2348 926 2431 genuina,
959 2367 1056 2430 quam
1079 2347 1276 2414 Matritensis
1307 2367 1455 2414 servasse
1484 2347 1627 2427 videtur,
1662 2347 1789 2413 scribac
1818 2347 1914 2412 unius
1944 2366 2050 2413 errore
2073 2348 2177 2414 altera

543 2469 613 2551 illa,
638 2487 735 2551 quam
758 2466 928 2533 Ovetensis
951 2466 1115 2550 exhibuit,
1140 2468 1233 2533 nasci
1254 2467 1310 2532 vix
1332 2468 1445 2553 potuit.
1493 2465 1566 2544 Qua
1587 2486 1623 2533 re
1645 2486 1806 2552 perpensa
1827 2466 1945 2531 librum
1968 2467 2173 2551 Ovetensem,

544 2596 580 2654 ut
601 2587 766 2654 hominum
789 2586 988 2670 cognationis
1010 2587 1193 2653 nominibus
1215 2594 1298 2669 utar,
1324 2586 1520 2673 Matritensis
1541 2605 1602 2651 nec
1624 2585 1725 2651 filium
1748 2606 1808 2652 nec
1823 2585 1967 2668 irenem,
1994 2586 2053 2652 sed
2068 2587 2175 2654 fratris

542 2707 680 2773 forsitan
701 2706 803 2771 filium
825 2706 927 2772 fuisse
957 2706 1113 2790 suspicor.
1162 2706 1289 2772 Gentius
1318 2708 1418 2772 multo
1447 2705 1488 2771 de
1518 2705 1695 2789 affinitate,
1727 2725 1811 2789 quae
1840 2706 1924 2772 iuter
1952 2704 2079 2772 codices
2109 2707 2177 2772 siu-

543 2827 637 2911 gulos
660 2825 855 2906 intercedat,
886 2825 1120 2908 indicaremus,
1144 2827 1175 2891 si
1197 2825 1413 2910 fragmentum
1436 2824 1597 2892 Ovetense
1619 2826 1726 2910 ipsum
1747 2825 1907 2909 inspicere
1929 2825 2174 2909 accuratiusque

543 2946 728 3012 exarniuare
750 2963 931 3030 possemus.
970 2945 1065 3012 Nunc
1087 2946 1192 3012 Ruizii
1213 2946 1247 3010 in
1268 2945 1530 3011 adnotationibus
1553 2946 1631 3011 solis
1653 2944 1765 3027 innixi,
1791 2943 1872 3027 quid
1893 2944 1962 3010 veri
1984 2944 2026 3010 sit
2048 2945 2176 3010 similli-

544 3087 642 3149 mum,
667 3065 827 3149 reperisse
850 3066 930 3130 satis
952 3064 1155 3131 habebimus.

629 3186 848 3251 Transeamus
891 3184 933 3250 ad
971 3184 1098 3251 codices
1133 3184 1343 3271 interpolatos
1381 3189 1599 3249 Sustoueosem
1635 3192 1683 3251 et·
1703 3188 1945 3248 laurentianum
1981 3204 2069 3251 saec.
2110 3185 2175 3250 XII

543 3307 626 3392 plut.
651 3311 704 3386 45,
730 3308 772 3370 26
795 3304 851 3371 fol.
881 3309 959 3387 115,
991 3304 1048 3388 qui
1070 3304 1195 3372 Sidonii
1223 3306 1419 3371 carminibus
1448 3304 1593 3371 adiectos
1616 3324 1730 3371 versus
1753 3302 1929 3389 Corippeos
1952 3303 2177 3388 duodeviginti

544 3425 595 3490 III
617 3415 788 3490 2714288
819 3425 999 3507 continent,
1039 3425 1156 3507 quibus
1184 3424 1297 3491 titulus
1326 3424 1490 3510 praefixus
1520 3432 1571 3491 est
1599 3425 1633 3489 in
1663 3423 1859 3489 Santonensi
1901 3423 2065 3508 ‘Epistola
2092 3424 2180 3508 regis

545 3546 688 3610 Avarum
709 3544 753 3610 ad
775 3545 1001 3629 imperatorem
1021 3546 1229 3627 Romanum',
1261 3544 1295 3609 iu
1317 3544 1535 3611 Laurentiano
1561 3544 1725 3630 ‘Epistola
1746 3543 1833 3625 regis
1855 3543 2034 3609 Avarorum
2057 3543 2180 3610 directa

544 3662 589 3728 ad
624 3664 853 3749 imperatorem
889 3664 1132 3730 Romanorum'.
1179 3664 1248 3730 Hoc
1284 3664 1417 3749 Ocrippi
1452 3664 1668 3748 fragmentum
1704 3683 1723 3728 e
1759 3662 1953 3729 Santonensi
1988 3662 2054 3728 iam
2088 3664 2179 3730 Elias

542 3783 696 3867 Vinetus,
730 3803 748 3849 e
769 3784 988 3850 Laurentiano
1009 3783 1132 3869 primus
1154 3783 1420 3850 Bartholomaeus
1443 3784 1626 3869 Kopitarn)
1659 3782 1747 3867 typis
1770 3782 1941 3868 expressit.
1987 3784 2180 3849 Lamentis-

543 3923 619 3968 num
642 3902 760 3970 deinde
782 3903 899 3970 iterum
920 3903 1079 3969 Aemilius
1100 3903 1267 3970 Baehrens
1278 3907 1328 3988 ¹⁷),
1355 3903 1496 3987 denique
1517 3902 1614 3968 huius
1637 3901 1786 3969 editionis
1807 3902 1843 3966 in*
1864 3921 1958 3968 usum
1979 3901 2083 3969 amico
2105 3923 2178 3970 meo

542 4022 683 4088 Arthuro
695 4022 884 4089 Ludwichio
899 4021 1117 4088 intercedente
1132 4022 1348 4108 Hieronymus
1359 4022 1522 4104 Vitellius,
1536 4021 1699 4107 professor
1708 4021 1945 4087 illustrissimus
1957 4022 2174 4101 Florentiuus,
2201 4008 2206 4097 l

545 4141 719 4226 diligenter
741 4141 894 4208 excussit.
942 4141 1153 4208 santonensis
1182 4150 1214 4208 et
1235 4144 1471 4210 Laurentianus
1501 4150 1537 4208 ut
1562 4142 1644 4209 inter
1666 4160 1703 4207 se
1726 4142 1856 4226 egregie
1880 4142 2100 4223 consentiunt,
2132 4142 2178 4208 ita

543 4261 845 4347 interpolationibus
872 4260 1032 4344 inquinati
1058 4282 1082 4344 a
1112 4263 1274 4328 veteribus
1302 4262 1369 4328 illis
1398 4262 1523 4328 duobus
1553 4261 1732 4344 codicibus,
1766 4262 1947 4328 ntanitensi
1969 4269 2001 4328 et
2023 4261 2178 4329 Oveteusi

542 4400 739 4467 magnopere
768 4379 932 4447 differunt.
978 4382 1048 4449 Nec
1076 4403 1154 4448 vero
1183 4382 1365 4449 accuratius
1397 4381 1553 4449 lectiones
1587 4383 1695 4449 varias
1726 4382 1975 4467 perlustrantem
2009 4381 2177 4448 affinitatis

544 4499 730 4583 cuiusdam,
767 4520 851 4584 quae
880 4499 1008 4568 codices
1038 4502 1247 4588 interpolatos
1277 4523 1349 4568 cum
1377 4502 1532 4569 Ovetensi
1559 4503 1682 4587 iungit,
1718 4501 1859 4585 vestigia
1887 4523 1989 4588 parva
2016 4502 2173 4567 latebunt.

542 4619 669 4686 Mendis
698 4620 827 4705 paucis,
861 4641 945 4705 quae
974 4621 1009 4686 iu
1030 4621 1250 4688 Matritensem
1280 4623 1496 4708 irrepserunt,
1529 4630 1563 4689 et
1584 4622 1755 4689 Ovetensis
1785 4628 1818 4686 et
1839 4621 2024 4707 interpolati
2047 4620 2174 4686 codices

542 4747 651 4806 carent
673 4746 706 4805 et
726 4759 822 4806 versu
844 4741 893 4806 111
917 4742 997 4825 276,
1031 4742 1065 4807 in
1086 4761 1148 4826 quo
1170 4741 1343 4808 Ovetensis
1364 4762 1386 4807 a
1407 4741 1605 4809 Matritensis
1632 4741 1769 4808 lechone
1799 4740 1943 4822 aberrat,
1976 4741 2108 4825 propius
2130 4741 2173 4805 ad

543 4859 716 4926 Ovetensis
738 4859 908 4927 lechonem
930 4861 1116 4947 interpolati
1136 4860 1211 4925 libri
1233 4862 1401 4928 accedunt.

698 5001 888 5063 Matritensis
1068 5002 1225 5063 Ovetensis
1411 5001 1610 5063 Suntoocosis
1787 5000 2017 5060 Lauremieous

739 5117 836 5201 plene
1105 5125 1182 5203 potu
1454 5118 1558 5201 potuit
1849 5115 1963 5202 potuit.

541 5254 577 5318 Si
598 5253 807 5319 fundamento
829 5260 896 5319 tam
919 5260 1057 5338 angusto
1078 5253 1122 5319 ad
1145 5255 1367 5338 cognationem
1390 5253 1535 5320 codicum
1553 5253 1774 5338 indagandam
1790 5254 1836 5319 uti
1850 5253 1937 5335 licet,
1963 5254 2172 5340 interpolatos

629 5529 670 5592 16)
690 5528 893 5578 bartholomaeus
911 5530 1027 5593 Kopltar.
1047 5530 1167 5590 Hesychil
1184 5531 1353 5592 glossographl
1370 5531 1509 5591 dleclpulne
1526 5537 1552 5579 et
1570 5526 1771 5600 ἐπιγλωσσιστὴς
1790 5532 1888 5581 Russus
1905 5535 1933 5581 iu
1951 5534 2006 5595 ipsc
2024 5532 2171 5582 Constanti·

540 5617 628 5678 napoli
644 5629 709 5665 saec.
729 5615 886 5665 XII—XIII.
925 5615 1088 5665 vindobonae
1107 5614 1173 5665 18³9
1190 5630 1216 5678 p.
1236 5616 1280 5665 65.
1318 5615 1382 5664 (lum
1405 5616 1497 5664 librum
1519 5616 1589 5667 huuc
1611 5618 1696 5678 ipsum
1718 5619 1845 5680 inspicere
1862 5618 1925 5666 mihi
1943 5631 2071 5681 nunqnam
2090 5621 2172 5667 conti·

541 5703 613 5762 gerit,
634 5715 721 5763 pauca,
741 5701 854 5762 quaeda
872 5700 1026 5750 eodlcends
1043 5702 1105 5750 mlhl
1123 5708 1202 5762 eraut,
1224 5716 1255 5750 ex
1274 5702 1379 5764 Hauptii
1397 5702 1528 5764 Opnsculls
1547 5703 1585 5751 Ill
1603 5718 1627 5765 p.
1649 5702 1699 5753 sto
1717 5702 1868 5766 deprompsi.

629 5785 670 5847 tt)
691 5787 722 5836 n.
742 5787 869 5836 Baehrens
887 5787 1130 5838 Hendschrlitllchee
1149 5803 1181 5838 zu
1199 5788 1329 5851 corippus.
1366 5788 1456 5838 liheln.
1472 5788 1545 5840 Mne.
1566 5790 1596 5839 N.
1618 5789 1647 5839 F.
1666 5790 1752 5839 xxxi
1770 5805 1795 5853 p.
1816 5790 1875 5840 630.
