5042 6726
529 563 607 631 xiv
1223 558 1453 615 ruoouurvu.

533 804 611 861 sane
632 785 681 849 rir
704 784 833 867 doetus,
858 785 912 867 qui
935 784 1063 850 saeculo
1084 805 1116 868 p.
1143 783 1219 849 Chr.
1245 803 1275 846 n.
1301 782 1349 847 11⁰
1371 803 1389 847 e
1412 782 1565 863 desertis,
1597 802 1680 866 quae
1703 782 1816 866 Syriae
1839 790 1871 847 et
1892 781 2032 849 Arabiae
2053 781 2154 846 inter-

531 904 655 987 aaut,
688 911 817 988 gentem
839 905 1098 987 Laguantensem
1127 903 1161 966 in
1184 901 1326 967 Africam
1347 902 1566 985 immigrasse,
1598 922 1656 987 per
1677 904 1860 988 Aegyptum
1882 902 1916 966 in
1938 909 2040 967 terras
2062 902 2150 967 liar-

531 1025 667 1094 marieas
696 1025 892 1109 processisse
921 1030 953 1091 et
980 1030 1093 1107 gentes
1122 1022 1298 1105 antiquitus
1327 1021 1379 1086 his
1409 1022 1443 1086 in
1468 1021 1655 1105 regionibus
1685 1023 1834 1089 sedentes
1864 1022 2062 1107 oppressisse
2092 1022 2153 1088 sibi

532 1145 727 1230 persuaserit
736 1146 787 1225 ⁵³).
835 1143 900 1209 Sed
929 1142 1130 1226 migrationis
1158 1142 1234 1207 talis
1257 1161 1328 1207 eum
1351 1161 1455 1224 neque
1477 1142 1564 1227 apud
1587 1142 1756 1227 scriptores
1778 1142 1928 1227 temporis
1950 1142 2039 1208 illius
2061 1142 2153 1208 testi-

530 1264 637 1330 monia
666 1283 726 1331 nee
754 1263 948 1348 temporibus
977 1262 1205 1347 posterioribus
1235 1261 1373 1343 vestigia
1402 1261 1470 1326 ulla
1498 1261 1718 1343 inveniantur,
1755 1263 1941 1341 audaciam,
1974 1283 2037 1345 qua
2066 1283 2153 1328 som-

530 1385 588 1451 nia
608 1404 667 1469 pro
689 1382 803 1449 studiis
826 1388 974 1461 veneunt,
1001 1382 1166 1447 miraberis
1189 1381 1293 1463 magis
1316 1402 1411 1464 quarn
1433 1382 1595 1465 probabis.

618 1504 686 1569 Iam
709 1522 795 1585 vero,
821 1510 856 1568 ut
877 1503 920 1567 ad
942 1502 1136 1567 Iohannidos
1160 1502 1233 1567 libri
1257 1501 1389 1566 secundi
1411 1500 1575 1565 exordium
1599 1502 1823 1585 explicandum
1846 1503 2026 1583 redeamus,
2057 1523 2152 1569 versu

537 1626 595 1689 138
618 1623 763 1708 gentium
785 1623 980 1707 Syrtiearum
1002 1623 1145 1689 recensio
1168 1622 1291 1686 linitur:

893 1751 1103 1817 Marmaridas
1126 1758 1239 1834 gentes
1261 1757 1308 1815 tot
1328 1749 1460 1834 pertulit
1481 1749 1591 1815 Africa
1612 1750 1718 1817 bellis.

534 1881 648 1946 Verbis
681 1878 798 1944 deinde
830 1880 1071 1962 insequentibus
1105 1898 1140 1943 se
1168 1879 1265 1943 aliam
1294 1898 1423 1963 prorsus
1450 1886 1603 1944 terrarum
1633 1879 1845 1946 Mauriearum
1875 1881 1908 1945 in
1937 1889 2060 1964 partem
2089 1899 2152 1945 non

534 2001 646 2066 orienti
669 1999 740 2079 soli,
767 1999 826 2064 sed
848 1999 1006 2065 occidenti
1027 1999 1131 2082 magis
1155 1999 1325 2064 obnoxiam
1347 1999 1506 2064 transilire
1528 2006 1625 2084 poe'ta
1647 1999 1765 2066 diserte
1786 2000 1965 2086 profitetur:

893 2128 965 2210 quis
988 2127 1138 2193 miseram
1161 2146 1330 2211 superesse
1353 2134 1465 2212 putet?
1485 2147 1548 2192 non
1572 2127 1690 2192 suffieit
1712 2128 1815 2213 istud,

893 2252 911 2296 o
935 2231 1057 2315 superi!
1085 2230 1149 2295 iam
1171 2231 1280 2295 audax
1302 2231 1434 2297 alternis
1458 2231 1560 2313 surgit
1581 2232 1623 2297 ab
1645 2231 1709 2296 oris

893 2333 1031 2397 adversa
1053 2333 1093 2397 de
1115 2340 1205 2417 parte
1229 2332 1368 2396 fremens
1391 2333 1456 2397 dux
1479 2333 1536 2398 ille
1559 2333 1683 2415 ruinas,

891 2455 973 2517 quas
995 2435 1043 2499 illi
1066 2436 1210 2499 Romana
1232 2454 1345 2500 manns
1367 2455 1425 2519 per
1447 2436 1582 2500 vulnera
1602 2436 1714 2502 Martis

893 2545 967 2603 ante
991 2537 1091 2603 dedit.

534 2668 635 2747 Quem
658 2669 839 2732 Maurorum
868 2667 1013 2750 regulum
1044 2666 1191 2732 cladibus
1217 2666 1369 2749 gravibus
1392 2686 1413 2730 a
1434 2665 1601 2749 Byzantiis
1622 2663 1776 2730 afflictum
1799 2666 1851 2731 hio
1873 2667 2030 2752 corippus
2052 2670 2154 2754 signi-

534 2787 616 2870 ficet,
642 2793 831 2871 quaerentes
853 2787 976 2852 nullum
999 2785 1180 2852 invenimus
1202 2786 1265 2850 nisi
1281 2785 1425 2869 laudam,
1450 2785 1580 2850 Aurasii
1598 2785 1714 2850 montis
1740 2785 1805 2870 (Β).
1824 2787 1936 2869 Aures)
1963 2788 2148 2873 principem,

533 2928 628 2992 quem
650 2929 680 2973 a.
707 2913 769 2971 535
792 2913 825 2972 et
848 2908 908 2970 539
939 2905 1197 2991 expeditionibus
1227 2905 1351 2970 duabus
1380 2904 1576 2970 felicissimis
1599 2905 1725 2969 Solomo
1750 2907 1983 2993 pacaverat54).
2029 2910 2153 2975 Tamen

533 3034 638 3093 ntmm
660 3028 745 3094 hune
759 3048 801 3091 an
816 3026 915 3092 alium
931 3026 1090 3109 quendam
1105 3032 1200 3110 poeta
1215 3020 1426 3106 denotaverit,
1453 3024 1592 3090 dubitari
1607 3031 1724 3110 posset,
1751 3025 1815 3091 nisi
1831 3027 1994 3093 enuntiato
2011 3029 2153 3114 proximo

892 3155 1080 3220 innumerae
1102 3158 1215 3237 gentes
1237 3153 1329 3218 illum
1353 3152 1541 3218 comitantur
1564 3161 1711 3236 euntem,
1774 3164 1778 3171 '

894 3277 976 3341 quae
999 3256 1128 3322 Gemini
1150 3256 1295 3338 Petram,
1322 3276 1404 3339 quae
1427 3256 1587 3339 Zerquilis
1609 3256 1738 3321 horrida
1760 3277 1834 3322 rura
1862 3259 1986 3341 (colunt)

534 3387 669 3455 castella
692 3386 755 3452 duo
777 3387 892 3453 montis
910 3386 1039 3451 Aurasii
1060 3391 1321 3465 memorarentur,
1347 3384 1470 3471 quibus,
1483 3384 1518 3449 in
1540 3385 1627 3450 bello
1649 3405 1720 3450 eum
1736 3384 1906 3453 Solomone
1928 3395 2020 3471 gesto
2034 3389 2154 3457 laudas

464 3522 468 3529 ·
534 3508 673 3573 mammo
696 3507 832 3574 confisus
855 3508 983 3588 erate).
1030 3504 1114 3583 Quin
1136 3505 1251 3569 melius
1274 3498 1372 3569 etiarn
1393 3505 1515 3570 laudae
1537 3524 1670 3587 regnum
1692 3524 1787 3572 versu
1813 3510 1871 3569 149
1894 3506 2066 3574 indicatur:
2098 3565 2100 3568 ,

888 3633 1081 3698 Aurasitana
1103 3652 1217 3698 manus
1239 3632 1336 3699 celsis
1359 3631 1526 3698 deseendit
1548 3633 1589 3697 ab
1612 3632 1686 3698 erle.

530 3763 654 3849 Regulo
678 3763 784 3831 eidem
805 3764 951 3848 paruisse
974 3760 1121 3829 dicuntur
1143 3769 1266 3844 gentes,

888 3910 971 3973 quae
993 3889 1135 3957 nefanda
1157 3890 1265 3957 colunt
1284 3870 1385 3955 tristis
1407 3896 1558 3955 montana
1580 3891 1704 3956 Navusi

890 3994 1095 4075 desertosque
1118 3993 1222 4071 locos;
1250 3992 1347 4060 nutrit
1368 4013 1446 4076 quos
1468 3993 1599 4059 horrida
1619 3994 1715 4059 tellus

891 4095 1029 4179 Arzugis
1050 4094 1213 4161 infandae.

530 4224 637 4317 Quare
665 4245 725 4291 nee
752 4230 903 4289 monmna
932 4223 990 4321 illa
1019 4223 1144 4288 Novusi
1173 4223 1269 4306 longe
1294 4243 1315 4287 a
1342 4231 1448 4289 monte
1470 4224 1606 4289 Aurasio
1636 4222 1825 4309 aluisselll,
1858 4232 1890 4291 et
1918 4225 2148 4311 Arzngitanam

529 4345 693 4429 regionem
720 4344 833 4427 (Balad
847 4344 878 4409 el
892 4342 1032 4428 DJ‘erid),
1058 4363 1141 4425 quae
1156 4344 1294 4429 Byzacio
1315 4343 1481 4410 meridiem
1504 4362 1616 4409 versus
1639 4343 1789 4428 contigua
1803 4345 1880 4412 inde
1894 4367 1915 4410 a
1929 4346 2148 4433 Tripolitanae

529 4464 711 4550 provinciae
739 4463 856 4530 finibus
887 4466 963 4550 ‘per
990 4464 1122 4547 longum
1151 4463 1279 4531 Africae
1308 4464 1456 4530 limitem'
1488 4465 1786 4545 extendebaturllb,
1820 4485 1922 4549 usque
1951 4468 1995 4533 ad
2019 4469 2148 4534 Aurasii

529 4584 645 4649 montis
667 4583 793 4650 radices
814 4582 1008 4669 pertinuisse
1030 4584 1220 4669 putaverim.

616 4879 656 4937 53)
678 4879 708 4927 L.
730 4878 839 4926 Tauxier
856 4878 892 4924 La
911 4878 1015 4938 religion
1034 4877 1078 4924 des
1097 4882 1218 4925 taureaux
1236 4877 1319 4925 dirius
1337 4890 1370 4925 en
1388 4878 1493 4939 Afrique
1511 4878 1573 4925 lter.
1593 4879 1646 4926 Air.
1667 4878 1732 4937 xxi
1749 4876 1812 4926 1877
1832 4892 1857 4939 p.
1880 4875 2023 4926 ist-197.
2106 4859 2107 4862 Ἴ
2165 4912 2167 4920 .

617 4965 658 5026 tr)
679 4964 748 5014 rrae.
767 4965 792 5012 s.
813 4962 894 5011 vinu.
914 4963 940 5010 u
961 4962 1000 5012 ra.
1023 4960 1062 5011 19.
1085 4960 1127 5011 ru.
2110 4945 2120 4954 '

617 5051 658 5114 55)
681 5050 749 5100 Pmc.
768 5051 793 5099 b.
814 5049 896 5097 Vand.
916 5049 942 5098 11
961 5046 992 5097 19
1010 5043 1155 5114 Ζερβοὸλη.
1192 5049 1218 5096 11
1236 5046 1269 5095 20
1287 5041 1437 5114 Γεμινιανοῦ
1455 5044 1542 5116 πέτρα.

618 5135 659 5198 ts)
680 5135 717 5183 Ne
735 5137 793 5197 quis
811 5135 980 5196 Tripolitanae
998 5136 1139 5197 provinciae
1157 5140 1269 5182 montem
1287 5135 1330 5193 DJ.
1351 5134 1445 5185 Nofusa
1468 5134 1576 5183 eundem
1599 5148 1654 5182 esse
1678 5140 1754 5197 atque
1778 5140 1886 5184 montem
1906 5135 2032 5184 Narusum
2053 5136 2144 5199 medat,

532 5226 641 5269 montem
658 5220 731 5267 illum
748 5235 763 5268 a
780 5220 871 5282 populo
890 5220 998 5268 Maurico
1017 5219 1111 5267 Nerusa
1130 5221 1168 5268 vel
1187 5220 1281 5268 Natura
1303 5219 1377 5281 (apud
1396 5218 1544 5282 corippum:
1566 5220 1661 5281 Naffur)
1682 5232 1771 5268 nornen
1789 5219 1894 5270 damme
1911 5222 2061 5270 meminerit.

619 5306 661 5367 57)
682 5306 753 5354 Oros.
772 5306 784 5352 1
802 5303 818 5354 2
838 5305 1007 5367 ‘Tripolitana
1025 5307 1159 5367 provincia,
1179 5320 1244 5368 quae
1262 5312 1288 5353 et
1306 5305 1467 5353 Subventuna
1484 5306 1524 5352 vel
1542 5307 1608 5366 regio
1625 5306 1753 5366 Arzugum
1771 5306 1871 5367 dieitur,
1892 5307 1935 5355 ubi
1953 5306 2041 5368 Leptis
2060 5322 2147 5369 magna

532 5393 621 5440 siritu
639 5396 685 5453 est,
707 5392 821 5452 quamvis
833 5392 945 5453 Arzuges
963 5404 1008 5452 per
1024 5391 1126 5452 longum
1138 5393 1237 5440 Africae
1255 5392 1360 5439 limitem
1379 5390 1529 5452 generaliter
1546 5390 1686 5440 vocentur'.
1719 5393 1839 5440 Aurelius
1857 5393 1934 5455 episc.
1949 5391 2064 5456 carthag.
2083 5394 2148 5458 apud

532 5477 635 5536 Dionys.
650 5477 724 5537 Exig.
740 5478 766 5524 ln
780 5476 870 5537 synod.
886 5476 970 5525 (iarth.
985 5491 1040 5526 ean.
1054 5476 1087 5527 49
1109 5477 1149 5525 ‘in
1162 5478 1255 5540 Tripoli
1274 5484 1300 5525 et
1311 5480 1338 5525 in
1351 5478 1451 5538 Arzuge
1468 5478 1616 5525 interlucere
1634 5478 1752 5527 videntur
1769 5479 1886 5528 barbarae
1903 5475 2013 5539 gentes'.
2044 5494 2100 5530 ean.
2115 5479 2147 5529 52

532 5561 699 5626 ‘Tripolitani
715 5569 741 5611 et
758 5564 907 5623 Arzugltaui
922 5564 1034 5612 iratres'.
1064 5563 1131 5626 apud
1148 5564 1306 5613 Harduinum
1325 5563 1399 5625 (Aeta
1411 5563 1507 5613 Concil.
1521 5563 1533 5610 1
1546 5577 1571 5625 p.
1588 5561 1662 5625 1232)
1682 5570 1754 5612 extat
1770 5564 1887 5626 Epistula
1904 5566 2002 5613 Aurelii
2021 5564 2149 5628 Cartbagi-

532 5651 628 5698 niensis
647 5649 757 5712 episcopi
776 5648 806 5698 ad
824 5663 910 5699 omnes
922 5651 1051 5711 episcopos
1063 5664 1107 5712 per
1120 5649 1272 5708 Byzacenam
1284 5656 1311 5697 et
1322 5649 1502 5709 arzugitanam
1513 5650 1666 5712 provinciam
1678 5650 1834 5699 constitutos.
1867 5652 2005 5711 Augustini
2018 5652 2100 5714 Epist.
2115 5652 2147 5701 46

535 5734 654 5797 (epistula
666 5735 829 5799 Publicolae).
863 5737 905 5787 ‘iu
918 5736 1067 5796 Arzugibus,
1087 5741 1116 5783 ut
1133 5734 1229 5794 andivi,
1248 5735 1374 5783 decurioni
1393 5735 1436 5796 qul
1453 5735 1529 5783 limiti
1547 5740 1646 5797 praeest
1663 5735 1702 5783 rel
1720 5737 1821 5785 tribuno
1840 5737 1921 5787 solent
1937 5739 2022 5787 iuvare
2040 5739 2146 5799 barbari,

530 5819 643 5925 iurantes
660 5835 704 5883 per
723 5822 855 5871 daemones
871 5819 950 5872 suos’.
