5042 6726
545 558 655 623 XXIV
1245 553 1474 611 PROOEMIVM.

543 779 852 866 Constantinopolim
881 785 1098 861 revocaretur,
1131 785 1272 863 peteret,
1304 777 1375 843 eius
1403 777 1437 842 in
1458 777 1565 844 locum
1586 776 1748 842 Iohannes
1770 775 1925 860 magister
1946 773 2084 841 militum
2106 774 2177 841 sui-

545 898 649 965 iectus
671 906 731 983 est,
757 898 848 965 euius
871 897 1014 964 facinora
1035 897 1155 963 bellica
1176 895 1354 964 lohannide
1377 896 1538 981 Oorippus
1560 895 1810 980 celebravit¹¹⁷l

630 1018 697 1084 Sed
725 1038 826 1101 nunc,
858 1017 1044 1104 priusquam
1073 1037 1180 1084 rernm
1208 1022 1373 1101 gestarum
1402 1015 1518 1082 seriem
1548 1016 1641 1099 sequi
1668 1035 1860 1103 pergamus,
1894 1014 2075 1099 paullulum
2098 1014 2178 1080 sub-

544 1138 742 1219 sistendum,
768 1145 813 1219 ut,
840 1158 902 1220 qno
924 1144 1067 1222 tempore
1091 1137 1217 1203 subitae
1239 1136 1317 1202 illae
1341 1156 1445 1201 rerum
1469 1134 1598 1202 Africae
1622 1136 1815 1201 mutationes
1836 1134 1913 1200 inde
1935 1155 1956 1200 6
1977 1154 2088 1220 pugna
2110 1135 2178 1199 Ta-

544 1257 646 1325 oiensi
668 1276 771 1339 usque
794 1256 837 1322 ad
858 1256 1010 1322 Iohannis
1032 1257 1066 1321 in
1087 1257 1231 1341 Africam
1253 1255 1427 1321 adventum
1448 1261 1599 1340 peractae
1622 1256 1702 1338 sint,
1728 1255 1940 1338 inquiramus.
1986 1255 2056 1319 Iam
2078 1254 2177 1337 igitur

544 1378 572 1442 si
594 1376 834 1442 meminerimus
856 1376 902 1441 ita
925 1376 1013 1461 apud
1035 1376 1195 1441 Victorem
1217 1377 1468 1481 Tununnensem
1497 1393 1598 1441 anuos
1628 1380 1702 1459 post
1723 1373 1838 1439 Basilii
1860 1373 2060 1439 consulatum
2088 1376 2171 1458 (541)
2294 1425 2297 1435 ,

542 1496 722 1579 numerari,
756 1502 791 1562 ut
817 1516 921 1562 annus
943 1496 1144 1561 consulatum
1166 1495 1258 1560 illum
1280 1494 1456 1578 insequens
1484 1495 1565 1577 (542)
1605 1496 1726 1560 ‘annus
1748 1494 1910 1560 secundus
1931 1500 2005 1578 post
2027 1494 2178 1559 cousula-

542 1624 610 1683 tnm
632 1616 758 1682 Basilii’
784 1615 924 1697 dicatur,
958 1623 992 1685 et
1012 1615 1125 1681 tertius
1147 1621 1296 1697 vocetur,
1329 1635 1424 1698 quem
1445 1614 1503 1680 alii
1525 1614 1702 1680 seeundum
1725 1613 1833 1678 dicere
1856 1612 1983 1679 soleant
2008 1614 2090 1696 (543)
2107 1615 2173 1697 ¹¹⁸),

544 1737 662 1822 optime
695 1737 779 1802 inter
815 1755 850 1801 se
878 1736 1067 1821 Procopium
1101 1741 1134 1801 et
1160 1734 1322 1827 Victorem
1353 1734 1522 1800 convenire
1552 1752 1612 1798 nec
1640 1731 1736 1797 nimis
1765 1734 1806 1798 ab
1833 1738 1968 1815 utroque
1999 1731 2178 1825 Marcellini

544 1857 794 1922 continuatorem
824 1854 974 1922 recedere
1004 1855 1244 1939 intellegemus.
1291 1855 1433 1934 Quorum
1463 1854 1604 1919 omnium
1628 1852 1668 1918 de
1691 1850 1889 1936 temporibus
1911 1850 2032 1917 indicia
2054 1850 2097 1917 ad
2118 1851 2177 1916 bos

544 1995 645 2042 annos
667 1974 862 2061 pertinentia
883 1974 966 2041 baec
986 1974 1109 2040 tabella
1131 1972 1365 2058 complectitur.

1291 2127 1464 2213 Procopius
1704 2126 1813 2192 Victor
1944 2174 1947 2245 1
1969 2124 2176 2191 Marcellinus

609 2232 734 2298 Stutias
757 2237 790 2296 et
812 2230 973 2296 lohannes
996 2228 1164 2295 Sisinnioli
1727 2233 1789 2292 545
1945 2262 1947 2279 ·
2043 2231 2104 2289 545

466 2368 470 2376 -
505 2338 508 2346 “
544 2336 632 2401 tilius
654 2334 775 2421 proelio
790 2331 941 2398 Taeiensi
955 2339 1091 2398 mortem
1105 2352 1164 2416 op-

543 2444 667 2522 petunt.

610 2540 723 2623 Sergio
738 2545 885 2604 revocato
901 2536 1095 2602 Ariobindus
1111 2556 1165 2602 so-
1224 2536 1390 2603 mensibus
1413 2536 1539 2601 duobus
2043 2538 2105 2599 546

546 2643 597 2708 166
612 2640 742 2706 Africae
756 2639 951 2725 praeficitur.
1252 2646 1325 2704 aute
1348 2637 1517 2704 Ariobindi

1310 2740 1453 2807 caedem.

1730 2846 1792 2908 546

610 2947 805 3013 Ariobindus
824 2966 844 3012 a
860 2946 1051 3012 (luntaritbo
1065 2947 1166 3013 inter·
1242 2945 1357 3011 diebus
1379 2946 1521 3011 XXXVI
1575 2954 1578 2967 '
1626 2946 1740 3013 diebus
1758 2945 1901 3010 XXXVI

544 3051 661 3117 ficitur.
1243 3054 1318 3114 ante
1342 3048 1526 3114 Guntarithi
1575 2976 1578 3113 ι
1621 3057 1697 3115 ante
1720 3047 1905 3114 Guntaritbi

1315 3151 1458 3216 caedem.
1688 3150 1832 3217 caedem.

611 3253 822 3321 Guntaritbus
850 3255 893 3319 ab
914 3255 1077 3321 Artabano
1098 3262 1167 3320 tru-
1224 3272 1309 3318 6666
1331 3253 1427 3317 XIX⁰
1448 3253 1541 3338 regui
1731 3256 1793 3317 546

547 3357 683 3425 cidatur.
1224 3355 1404 3421 Iustiniani.
1422 3356 1540 3441 (biblo)

610 3461 792 3526 Artabanus
829 3459 996 3526 Ariobindi
1036 3460 1166 3526 viduam

546 3562 855 3646 Constantinopolim
891 3564 1033 3629 remittit.
1091 3563 1167 3647 lpse

546 3663 676 3730 Africae
699 3664 893 3749 praeficitur.

633 3834 791 3901 Taciense
812 3834 988 3920 proelium,
1021 3834 1108 3917 quod
1129 3835 1265 3900 Victoris
1291 3843 1324 3901 et
1345 3835 1524 3902 Marcellini
1547 3853 1705 3925 consensu
1727 3834 1770 3900 ad
1798 3854 1918 3900 annum
1942 3837 2003 3896 545
2025 3829 2173 3913 refertur,

546 3961 631 4020 certe
653 3954 730 4019 amri
751 3952 847 4020 buius
868 3962 959 4039 parte
982 3961 1127 4020 extrema
1148 3955 1352 4020 commissum
1369 3962 1428 4036 est,
1454 3955 1482 4020 si
1496 3954 1626 4037 quidem
1642 3954 1720 4020 anni
1733 3954 1879 4020 eiusdem
1895 3952 1986 4018 initio
2001 3951 2174 4035 HimMius,

545 4094 567 4139 a
589 4073 694 4139 Stutia
723 4079 854 4159 captus,
885 4071 1117 4139 Hadrumetum
1140 4093 1161 4138 a
1182 4073 1303 4143 Mauris
1324 4079 1514 4158 occupatum
1536 4081 1606 4141 erat
1626 4081 1660 4140 et
1681 4074 1817 4139 Romani
1838 4073 1890 4139 his
1911 4072 2008 4139 rebus
2030 4071 2177 4137 adversis

547 4192 659 4259 afflicti
681 4193 738 4260 diu
760 4212 870 4279 pugna
897 4191 1193 4275 abstinuerantssi).
1240 4191 1368 4276 Optime
1396 4193 1497 4277 igitur
1522 4213 1607 4260 anno
1636 4193 1766 4260 demum
1788 4197 1851 4259 546
1881 4191 2048 4277 Sergium,
2081 4211 2177 4275 quem

547 4312 656 4378 statim
683 4308 793 4396 (edilia)
820 4318 893 4398 post
918 4330 1060 4397 pugnam
1082 4311 1272 4377 Taciensem
1302 4312 1482 4378 nuntiatam
1504 4312 1703 4378 lastinianus
1732 4319 1957 4395 revocaverat,
1988 4311 2097 4377 Africa
2120 4310 2178 4377 de-

547 4432 685 4499 cessisse
712 4431 920 4498 Marcellinus
949 4430 1056 4497 refert.
1112 4431 1235 4511 Quodsi
1263 4450 1374 4498 meuse
1403 4431 1470 4498 fere
1493 4432 1643 4498 Ianuario
1671 4433 1747 4498 anui
1770 4436 1832 4498 546
1861 4438 1998 4499 exeunte
2027 4428 2174 4514 Sergium

548 4572 589 4618 ex
610 4551 721 4617 Africa
748 4551 869 4617 abiisse
898 4550 1076 4634 credimus,
1108 4551 1279 4618 Ariobindi
1308 4551 1441 4619 caedem
1469 4552 1588 4618 mensis
1614 4552 1722 4618 Martii
1753 4554 1812 4619 sub
1843 4551 1958 4635 finem,
1992 4547 2177 4615 liuntaritbi

547 4691 658 4738 meuse
681 4671 749 4738 iere
771 4670 857 4736 Maio
879 4670 1051 4755 incipiente
1073 4677 1289 4756 perpetratam
1312 4691 1386 4739 esse
1409 4672 1654 4758 suspicabimur.
1700 4673 1788 4738 Inter
1802 4668 1986 4737 Guntaritbi
2008 4687 2119 4734 necem
2142 4673 2176 4731 et

547 4791 701 4858 lobannis
730 4789 877 4875 magistri
904 4789 937 4854 in
963 4789 1107 4855 Africam
1136 4789 1310 4856 adventurn
1339 4799 1465 4877 tempus
1494 4794 1649 4877 perbreve
1678 4788 1864 4855 interfuisse
1894 4787 2032 4853 videtur.
2078 4785 2175 4871 Apud

547 4911 720 4996 Corippum
743 4910 829 4977 enim
851 4908 1033 4976 Caecilides
1053 4910 1111 4977 ille
1131 4909 1288 4989 tribunus,
1315 4912 1371 4993 qui
1391 4911 1528 4976 iohanni
1550 4931 1602 4976 res
1624 4918 1699 4975 ante
1721 4909 1792 4974 eius
1813 4908 1988 4974 adventum
2011 4906 2044 4972 in
2066 4904 2176 4971 Africa

547 5038 657 5114 gestas
679 5037 824 5111 enarrat,
853 5027 1028 5096 orationem
1052 5047 1144 5095 suam
1166 5028 1351 5096 Guntarithi
1374 5038 1473 5096 morte
1496 5036 1670 5096 memorata
1692 5027 1838 5109 tinit120).
1886 5024 2059 5111 Procopius
2081 5025 2178 5091 Arta-

637 5306 695 5368 117)
716 5307 785 5357 Prot.
805 5308 831 5356 b.
852 5305 935 5355 Vaud.
955 5306 980 5352 11
1000 5303 1033 5355 28
1050 5301 1080 5356 od
1099 5300 1190 5371 πολλῷ
1207 5300 1236 5355 δὲ
1254 5300 1359 5371 ὕστερον
1378 5297 1537 5372 Ἀρταβάνης
1555 5302 1602 5370 μὲν
1621 5300 1713 5374 ἔχρῃζε
1732 5299 1871 5370 βασιλέως,
1894 5300 1964 5359 ὅπως
1982 5298 2058 5353 αὐτὸν
2077 5298 2104 5358 ἐς
2121 5297 2178 5353 Bu-

548 5391 647 5452 ζάντιον
660 5389 862 5461 μεταπέμποιτο.
896 5387 1014 5458 βασιλεὺς
1031 5388 1060 5441 oi
1077 5388 1125 5457 τὴν
1144 5386 1229 5458 δέησιν
1248 5386 1350 5453 ἐπιτελῆ
1371 5385 1493 5451 ἐποιεῖτο,
1513 5387 1556 5440 aul
1573 5388 1616 5440 τὸν
1634 5383 1795 5456 Ἀρταβάνην
1808 5385 2039 5456 μεταπεμψάμενος
2056 5378 2176 5456 Ἰωάννην

547 5477 591 5530 τὸν
610 5474 720 5531 Πάππου
744 5474 854 5546 ἀδελφὸν
877 5472 977 5546 Λιβύης
999 5472 1139 5545 στρατηγὸν
1163 5472 1241 5541 μόνον
1264 5473 1446 5543 κατεστήσατο.
1484 5476 1509 5525 b.
1530 5473 1606 5523 Goth.
1626 5473 1664 5523 111
1685 5473 1726 5524 31.
1764 5474 1926 5522 Marcellinus
1945 5488 2028 5523 comes
2046 5473 2086 5523 ed.
2107 5473 2177 5522 lion-

548 5563 773 5627 mmpmn

636 5648 694 5711 118)
714 5651 748 5698 cl.
767 5649 888 5712 prooemii
906 5648 982 5696 butus
999 5662 1025 5709 p.
1046 5647 1130 5695 XVII.

635 5733 691 5795 119)
713 5735 746 5783 ci.
768 5734 887 5797 prooemii
903 5733 981 5781 iunius
999 5747 1025 5795 p.
1045 5731 1105 5782 XX.

635 5815 979 5880 rmmmmm
