5030 6734
905 552 1135 610 IOHANNIDOS
1153 555 1223 609 LlB.
1244 556 1323 610 VIII.
1347 556 1432 621 (VII).

746 748 778 807 et
800 742 910 806 Latias
932 742 979 808 sic
1000 763 1095 829 posce
1117 763 1242 810 manus.
1288 744 1333 810 ibi
1356 745 1513 827 sanguine
1535 745 1634 810 multo

746 845 932 911 certandum
954 852 1015 914 est.
1061 848 1203 930 reliquas
1224 846 1329 931 acies,
1355 867 1418 931 qua
1440 855 1545 914 castra
1566 847 1725 913 nefandus

746 947 866 1014 Ousina
888 949 1000 1016 ductor
1022 951 1135 1032 babet,
1161 951 1340 1016 condensas
1362 950 1531 1016 Guarsana
1554 950 1659 1017 ducat.

746 1049 796 1115 bic
818 1071 943 1135 quoque
965 1058 1052 1119 88118
1073 1072 1188 1118 manus
1210 1054 1346 1119 Romani
1366 1054 1477 1119 militis
1498 1054 1601 1120 ardet.

745 1160 796 1219 est
818 1154 913 1220 ctiam
936 1155 1007 1221 dox‘
1022 1156 1093 1241 ipse
1115 1157 1222 1239 ferox,
1248 1157 1432 1242 disperdere
1455 1164 1567 1241 gentes

745 1257 889 1322 Romana
910 1278 967 1342 pro
990 1265 1080 1344 parte
1102 1279 1238 1345 parans,
1264 1259 1340 1325 dum
1362 1260 1488 1345 plaudit
1509 1259 1664 1326 bonorum

745 1358 873 1425 inflatus
895 1361 1016 1444 titulis,
1043 1362 1119 1428 dum
1141 1360 1256 1428 dicitur
1277 1382 1350 1429 esse
1372 1363 1542 1447 magister,

744 1464 819 1529 dum
842 1466 1099 1549 consanguineus
1121 1467 1249 1550 genitus
1272 1465 1313 1532 de
1335 1472 1435 1532 matre
1458 1467 1582 1532 Latina.

745 1566 805 1633 bac
828 1567 889 1633 sibi
912 1567 1008 1634 laude
1030 1569 1162 1651 placem
1183 1569 1273 1635 fortis
1296 1568 1442 1653 fidusque
1465 1568 1567 1635 videri

745 1670 814 1736 vult
833 1671 981 1737 inimicus
1003 1679 1104 1737 atrox.
1151 1672 1233 1737 alios
1255 1692 1315 1738 nec
1335 1673 1477 1738 nominet
1497 1673 1606 1738 hostes

744 1774 796 1838 his
818 1774 910 1839 victis
933 1775 1106 1840 Nasamon.
1154 1775 1259 1841 cuncti
1281 1781 1337 1841 toa
1359 1782 1464 1840 castra
1486 1782 1667 1859 sequentur.

745 1877 792 1942 sic
813 1876 940 1942 dabitur
960 1878 1075 1943 nostris
1098 1878 1187 1944 fortis
1209 1878 1342 1943 victoria
1363 1878 1490 1962 signis'.

746 1980 878 2045 consilio
901 1998 1068 2047 assensere
1089 1982 1167 2062 viri,
1193 1988 1370 2065 gentesque
1392 1981 1552 2047 nefandae

745 2083 937 2149 infremuere
959 2084 1093 2167 animis,
1119 2091 1299 2169 acuuntque
1321 2085 1355 2150 in
1376 2084 1498 2169 proelia
1519 2090 1652 2150 mentes.

831 2186 973 2252 condidit
994 2186 1082 2253 unda
1103 2186 1189 2253 diem
1212 2190 1350 2253 Oceano.
1397 2206 1460 2253 nox
1482 2192 1552 2253 atra
1575 2193 1685 2252 secuta
1706 2193 1765 2253 est.

745 2297 820 2356 tuno
841 2290 989 2356 Phoebus
1012 2290 1167 2356 disiunxit
1189 2310 1305 2374 equos,
1330 2298 1406 2357 tunc
1427 2291 1566 2375 Cynthia
1587 2289 1707 2373 iunxit,

746 2393 822 2458 dum
844 2401 977 2458 renovat
997 2401 1123 2460 nostras
1146 2394 1241 2459 vires.
1289 2395 1371 2460 baec
1393 2393 1495 2477 surgit
1516 2394 1557 2458 ab
1580 2393 1691 2476 undis,

745 2496 899 2580 mergitur
919 2497 1001 2562 alter
1022 2496 1125 2579 aquis.
1171 2497 1332 2582 placidam
1354 2517 1412 2581 per
1433 2497 1576 2562 membra
1597 2497 1736 2581 quietern

745 2600 863 2685 accipit
883 2620 975 2665 omne
998 2620 1117 2684 genus,
1144 2598 1293 2683 dulcique
1314 2600 1473 2685 impressa
1494 2619 1607 2685 sopore

745 2710 852 2768 cetera
872 2721 930 2788 per
951 2721 1081 2788 campos
1103 2702 1200 2769 fessis
1221 2703 1374 2769 animalia
1396 2703 1546 2770 membris

746 2825 876 2872 somnus
898 2805 1039 2872 babebat
1059 2806 1163 2889 iners,
1188 2806 1328 2892 pecudes
1350 2806 1520 2891 variasque
1541 2808 1689 2872 volucres

745 2908 977 2992 horribilesque
1000 2909 1085 2975 feras
1108 2909 1296 2994 gelidosque
1318 2909 1352 2975 in
1373 2910 1465 2976 litore
1487 2911 1610 2996 pisces,

747 3033 818 3078 curn
840 3012 919 3096 vigil
941 3012 1137 3095 insomnem,
1162 3011 1303 3097 flagrans
1324 3012 1390 3077 iam
1412 3012 1529 3095 Marte,
1555 3013 1728 3079 Iohannesv

746 3115 883 3182 ducebat
903 3120 1047 3199 noctem,
1073 3121 1228 3199 cautoque
1250 3116 1284 3181 in
1305 3122 1431 3201 pectore
1453 3116 1567 3182 sollers

746 3219 897 3286 volvebat
918 3238 1069 3302 magnas,
1096 3218 1288 3305 dispensans
1310 3219 1438 3301 ordine,
1464 3238 1566 3284 curas.

746 3343 840 3407 quern
863 3322 953 3389 iuxta
975 3323 1103 3407 sapiens
1126 3322 1313 3388 Recinarius
1334 3322 1463 3388 horrida
1485 3324 1573 3388 bella

745 3431 873 3512 pectore
894 3426 1052 3511 pensabat
1072 3425 1216 3510 placido,
1242 3444 1402 3508 sensuque
1424 3426 1534 3509 sagaci

745 3547 934 3615 percurrens
956 3529 1064 3595 varias
1086 3530 1251 3612 relegebat
1271 3529 1305 3593 in
1328 3528 1439 3594 ordine
1461 3547 1588 3595 causas.

746 3632 879 3698 altemia
901 3632 1025 3698 animos
1046 3632 1235 3698 relevabant
1255 3632 1386 3698 vocibus
1407 3628 1517 3713 ambo,

746 3743 920 3819 mutuaque
942 3756 983 3802 ex
1004 3736 1106 3803 oculis
1127 3737 1258 3802 arcebat
1278 3736 1390 3803 fabula
1412 3754 1548 3802 somnos.

746 3862 765 3906 o
787 3840 934 3923 quotiens
955 3838 1097 3907 habuero
1119 3858 1248 3925 preces,
1274 3838 1499 3923 dominumque
1521 3844 1681 3924 potentem

748 3965 805 4028 pro
827 3962 950 4025 rerum,
975 3944 1104 4028 populi,
1129 3943 1251 4029 Libyae
1274 3942 1465 4028 propriaque
1488 3943 1592 4009 salute

748 4063 820 4112 cum
842 4046 984 4112 lacrimis
1006 4046 1128 4130 petiere
1150 4045 1220 4112 diui
1248 4066 1308 4113 nec
1329 4045 1434 4112 fundit
1456 4045 1568 4112 inanes

748 4149 847 4215 tristis
870 4154 1002 4234 uterque
1024 4167 1148 4235 preces.
1194 4157 1322 4216 orantes
1344 4148 1426 4215 vidit
1446 4148 1488 4214 ab
1510 4150 1578 4214 alta

749 4253 825 4319 sede
848 4258 955 4338 pater,
980 4256 1135 4319 terrarum
1158 4253 1266 4319 orbem
1289 4252 1345 4335 qui
1367 4252 1501 4318 fulmine
1523 4258 1637 4335 terret,

749 4363 782 4423 et
802 4356 898 4422 linem
919 4356 1071 4441 imposuit
1092 4360 1180 4423 tanto
1202 4362 1274 4442 post
1295 4355 1383 4421 bella
1404 4354 1517 4421 labori.

834 4458 1061 4524 Marmaridum
1083 4460 1207 4526 interea
1228 4457 1390 4524 nocturnis
1412 4456 1524 4524 dedita
1545 4459 1645 4523 sacris

750 4562 855 4628 castra
876 4562 1032 4645 fremunt,
1058 4568 1266 4645 statuuntque
1288 4580 1380 4643 aras,
1406 4567 1439 4627 et
1458 4561 1568 4627 inania
1589 4566 1725 4646 poscunt

749 4665 890 4731 numina.
937 4664 1117 4751 producunt
1138 4664 1280 4751 pecudes
1302 4663 1417 4730 altaria
1439 4664 1574 4747 circum,

749 4776 782 4835 et
803 4767 942 4834 fundunt
963 4768 1114 4835 miserum
1136 4767 1214 4834 rivis
1236 4788 1295 4854 per
1315 4774 1409 4852 prata
1431 4787 1584 4833 cruorem.

749 4871 784 4937 hi
806 4878 947 4938 mactant
968 4871 1097 4955 Gurzii,
1122 4870 1216 4937 multi
1237 4870 1314 4954 tibi,
1340 4871 1486 4954 corniger
1507 4869 1660 4953 Ammon,

749 4974 783 5040 hi
805 4974 944 5041 Sinifere
967 4973 1093 5059 colunt,
1119 4994 1214 5058 quem
1236 4974 1351 5039 Mazax
1373 4974 1503 5039 numine
1524 4973 1636 5039 Martis

749 5078 865 5163 accipit
887 5084 983 5161 atque
1005 5076 1101 5143 deum
1123 5077 1202 5143 belli
1222 5083 1316 5162 putat
1338 5096 1410 5143 esse
1433 5083 1614 5162 potentem,

749 5182 921 5247 blastiman
942 5181 1010 5247 alii.
1057 5180 1239 5248 Maurorum
1261 5180 1322 5246 hoc
1342 5180 1470 5245 nomine
1492 5186 1606 5264 gentes

679 5306 776 5314 ..ι’-ι

435 5357 485 5407 265
503 5372 552 5420 qna
568 5358 655 5417 Baitia,
675 5370 724 5419 qno
744 5356 765 5403 T
868 5354 1018 5405 2668881118
1038 5355 1059 5402 Τ
1161 5348 1211 5405 269
1229 5355 1330 5419 plaudit
1347 5355 1432 5414 Beleia,
1451 5355 1554 5418 plaudet
1574 5354 1595 5401 Τ
1707 5352 1756 5403 286
1774 5358 1872 5403 nostras
1892 5352 1980 5415 Muza,

366 5448 451 5494 nostra
471 5443 500 5503 Τ,
521 5457 570 5492 nox
589 5448 641 5491 ntra
660 5443 791 5492 Mommsen
905 5448 990 5503 surget
1010 5442 1031 5489 Τ
1162 5440 1208 5491 281
1230 5442 1326 5504 placida
1346 5442 1367 5487 Τ
1501 5439 1550 5489 289
1568 5442 1634 5489 iustu
1655 5440 1675 5486 Τ
1812 5441 1943 5488 ricinariua
1964 5440 1985 5486 Τ

367 5529 414 5578 291
435 5530 516 5578 uarias
536 5528 565 5588 Τ,
585 5530 667 5578 uarios
687 5528 765 5579 Muza.
870 5543 956 5577 causus
976 5529 1005 5589 Τ,
1025 5542 1096 5577 casua
1116 5527 1195 5579 Mosa.
1300 5526 1467 5590 2948881188
1487 5527 1508 5574 T
1611 5526 1719 5574 habuere
1736 5540 1822 5590 procer
1840 5524 1982 5586 Mommsen,

367 5616 465 5664 habiero
484 5626 556 5676 pares
577 5614 606 5673 Τ,
626 5617 710 5664 abiere
727 5629 801 5677 pares
820 5614 898 5665 Muza.
1012 5614 1061 5664 296
1079 5615 1147 5664 rudit
1164 5614 1280 5663 dubitans
1300 5612 1377 5662 Moza.
1491 5612 1541 5662 297
1559 5612 1699 5675 preceps?
1802 5612 1850 5660 861
1870 5612 1910 5659 iiio
1929 5611 1950 5658 Τ

368 5700 441 5750 multi
458 5703 552 5762 scripsi,
572 5700 627 5748 miti
642 5701 672 5763 Τ,
692 5702 746 5749 miti
764 5702 822 5761 tecit
836 5700 925 5763 Moza,
945 5701 1072 5750 1111881818.
1178 5700 1228 5749 305
1247 5701 1274 5749 bi
1293 5700 1402 5749 sinisera
1419 5702 1512 5761 scripsi,
1532 5699 1560 5748 bl
1578 5700 1657 5747 nitere
1675 5701 1701 5746 tn
1719 5699 1842 5759 bigniiere
1856 5703 1867 5746 1
1882 5714 1915 5747 m.
1931 5713 1985 5746 mu-

367 5793 447 5837 tatam
467 5788 496 5849 Τ,
517 5787 640 5845 bigniicro
658 5789 724 5848 tegit,
745 5787 1118 5851 unumquemqueiuste,
1138 5786 1179 5834 red
1196 5785 1232 5847 cs.
1253 5786 1357 5835 1V681
1491 5799 1566 5849 quem
1584 5788 1679 5848 scripit,
1698 5797 1762 5848 quae
1783 5784 1803 5833 T
1936 5796 1984 5834 uu·

367 5875 435 5925 minc
456 5875 484 5934 Τ,
506 5874 609 5924 numina
628 5872 705 5923 Musa.
812 5874 861 5922 366
879 5880 1004 5938 petentem
1026 5874 1046 5922 Τ
1150 5872 1198 5923 301
1218 5874 1300 5936 gentis
1321 5872 1342 5922 Τ
