5042 6726
1025 579 1252 637 Psoonuivd.
1846 576 1959 642 XXIX

328 813 394 871 stra
415 805 556 872 Antonia
578 806 608 871 ei
631 812 826 888 occurrerat,
859 807 929 872 sine
957 802 1120 890 responsis
1148 804 1183 868 in
1206 801 1353 868 custodia
1374 805 1556 884 retenta¹⁴⁹l
1590 802 1728 887 primum
1750 820 1839 867 oram
1861 800 1959 866 mari-

326 926 449 1009 timam,
467 945 638 1010 perquam
653 925 708 989 via
722 924 956 991 Hadrumetina
970 923 1165 1009 processisse
1180 922 1318 1005 videtur,
1336 922 1378 988 ab
1393 922 1540 987 hostibus
1553 919 1747 1005 vagantibus
1763 920 1955 1003 liberant),

328 1043 446 1110 deinde
476 1045 510 1109 in
538 1045 690 1109 interiora
710 1042 844 1128 Byzacii
866 1062 1039 1109 conversus
1061 1042 1095 1107 in
1116 1043 1288 1124 montium,
1321 1041 1377 1124 qui
1398 1041 1565 1126 planitiem
1587 1038 1794 1124 Byzacenam
1812 1040 1956 1125 cingunt,

328 1164 474 1248 margins
502 1164 684 1229 Maurorum
716 1163 890 1229 exercitum
919 1182 1130 1247 permagnum
1160 1161 1355 1246 invenit¹⁵¹).
1411 1162 1525 1244 Neque
1554 1160 1639 1226 enim
1668 1159 1805 1225 Antalae
1833 1167 1957 1226 tantum

328 1284 384 1366 qui
410 1283 568 1367 parebant
596 1282 728 1367 Byzacii
756 1282 885 1367 populi,
919 1280 977 1348 sed
1007 1280 1125 1365 Syrtici
1155 1281 1252 1346 etiam
1282 1282 1377 1347 lerna
1404 1282 1504 1361 duce,
1535 1276 1711 1345 Numidiae
1739 1278 1958 1345 meridionalis

329 1410 443 1485 gentes
473 1422 544 1467 cum
574 1403 677 1467 Iauda
704 1420 782 1484 rege
812 1401 875 1467 huc
906 1403 1204 1484 concurrerant¹⁶²).
1262 1401 1451 1482 Priusquam
1485 1400 1528 1465 ad
1560 1419 1702 1485 pugnam
1736 1419 1771 1465 se
1804 1398 1954 1482 accinxit,

327 1522 449 1587 Mauris
471 1529 631 1588 extremas
653 1521 744 1606 pacis
765 1520 969 1588 condiciones
991 1522 1052 1587 has
1074 1520 1252 1606 proposuit:
1286 1527 1322 1585 ut
1343 1518 1414 1585 Afri
1435 1520 1556 1606 captivi
1577 1518 1803 1601 redderentur,
1836 1521 1958 1585 Austu-

327 1641 410 1706 riani
432 1648 465 1706 et
479 1641 725 1725 Laguantenses
746 1640 780 1706 in
803 1640 899 1706 sedes
919 1658 994 1705 suas
1008 1639 1161 1722 redirent,
1186 1640 1322 1705 Antalas
1336 1638 1507 1704 Iustiniani
1521 1638 1655 1725 imperio
1670 1656 1706 1705 se
1722 1639 1955 1722 subiceret¹⁶³).

327 1759 452 1837 Quibus
481 1759 721 1826 condicionibus
748 1760 878 1826 reiectis
899 1760 1004 1825 ldauri
1031 1779 1050 1825 e
1079 1759 1210 1841 castris,
1243 1759 1382 1842 quaein
1405 1765 1511 1824 monte
1532 1764 1707 1843 posuerant
1718 1762 1788 1842 ¹⁵⁴),
1821 1758 1959 1824 descen·
2017 1804 2036 1846 3

327 1879 444 1944 derunt
473 1880 597 1947 etacio
619 1880 775 1946 instructa
797 1900 869 1945 cum
890 1880 1105 1944 Romanorum
1128 1878 1270 1943 exercitu
1294 1877 1516 1943 conflixerunt.
1562 1878 1643 1944 Cum
1665 1878 1722 1943 diu
1742 1877 1833 1943 vario
1855 1878 1958 1943 Marte

326 2006 505 2083 pugnatum
533 2006 638 2080 esset,
669 1998 800 2065 tandem
829 1999 864 2063 in
896 1999 1008 2083 fugam
1037 1997 1169 2064 coniecti
1192 1997 1296 2063 Mauri
1323 2004 1429 2062 castra
1458 1997 1665 2082 repetierunt.
1712 1996 1778 2063 Sed
1800 1997 1954 2083 praedae,

326 2137 424 2200 quarn
454 2125 552 2184 totam
582 2118 737 2201 magister
765 2118 920 2184 exercitui
949 2117 1220 2203 promiserattitl,
1252 2135 1311 2201 spe
1339 2116 1463 2182 incitsti
1485 2117 1620 2182 Romani
1650 2124 1756 2183 castra
1778 2116 1875 2182 etiarn
1898 2116 1958 2182 ho-

327 2236 422 2303 stium
444 2237 589 2323 irrupere
611 2244 644 2302 et
664 2237 836 2322 diripuere.
888 2237 1007 2302 ‘Multa
1028 2237 1113 2302 inter
1134 2235 1250 2319 milia’,
1283 2236 1424 2318 quaein
1446 2236 1526 2320 iuga
1547 2235 1726 2321 perierunt,
1753 2237 1848 2301 lema
1869 2236 1957 2302 Mar-

328 2355 486 2422 maridum
509 2376 566 2423 rex
589 2376 703 2423 caesus
726 2359 850 2439 est¹⁶⁶).
900 2358 1032 2422 Praeter
1062 2355 1228 2441 praedam
1246 2355 1411 2438 ingentem
1442 2356 1706 2441 splendidissima
1733 2356 1795 2421 hac
1824 2355 1958 2421 victoria

327 2482 453 2560 partam
482 2475 696 2541 Romanorum
724 2474 884 2550 exercitus
907 2473 1087 2540 Solomonis
1115 2475 1212 2540 edam
1243 2475 1336 2559 signa
1365 2475 1536 2557 militaria,
1569 2496 1652 2560 quae
1682 2474 1775 2541 clade
1804 2475 1958 2541 Cillitana

327 2593 510 2660 Maurorum
539 2595 574 2660 in
601 2602 794 2680 potestatem
822 2593 1035 2675 devenerant,
1069 2594 1347 2679 recuperavit¹⁶⁷).
1392 2595 1569 2661 Praesidiis
1597 2616 1655 2680 per
1683 2594 1864 2680 provincias
1890 2593 1958 2659 dis-

327 2713 441 2798 positis
453 2716 500 2795 158)
527 2713 689 2780 lohannes
710 2714 887 2779 exercitum
902 2713 1130 2796 Carthaginem
1145 2713 1284 2798 reduxit,
1310 2733 1498 2800 summoque
1520 2715 1637 2781 civium
1660 2714 1780 2799 gaudio
1803 2720 1958 2798 exceptus

332 2839 390 2915 est,
417 2853 489 2898 cum
512 2854 606 2899 nemo
629 2833 800 2913 dubitaret,
826 2833 904 2916 quin
926 2833 1046 2899 bellum
1068 2832 1133 2897 iam
1155 2841 1320 2918 peractum
1342 2852 1381 2899 ac
1403 2835 1563 2917 sepultum
1585 2837 1745 2919 esset¹⁵⁹).

414 2952 484 3018 Nec
506 2973 582 3018 vero
605 2953 756 3018 diuturna
777 2960 853 3018 tuno
875 2972 939 3037 pax
962 2952 1090 3018 Africae
1113 2952 1256 3037 contigit.
1304 2954 1478 3035 Aliquanto
1506 2954 1592 3020 enirn
1613 2964 1687 3038 post
1706 2952 1818 3039 pupuli
1840 2950 1958 3037 Syrtici

327 3071 450 3138 bellum
471 3072 701 3138 instaurarunt.
748 3070 783 3136 Si
806 3071 879 3154 quis
901 3071 1111 3138 Iohannidem
1133 3073 1236 3139 solam
1252 3073 1355 3139 obiter
1367 3073 1555 3158 inspexerit,
1579 3073 1713 3138 vixdum
1730 3071 1958 3156 Carthaginem

328 3191 499 3258 revertisse
514 3192 700 3274 Iohannem,
727 3210 800 3256 cum
816 3190 1011 3275 Syrticorum
1033 3192 1167 3258 rebellio
1181 3193 1392 3275 nuntiaretur,
1419 3192 1549 3259 credere
1571 3192 1747 3279 possit¹⁶⁰).
1787 3191 1853 3257 Sed
1867 3211 1960 3257 men-

328 3329 382 3377 ses
412 3318 497 3378 certe
526 3311 697 3377 nonnullos
725 3309 866 3394 quietem
897 3310 1005 3394 egisse
1027 3311 1156 3377 Mauros
1185 3332 1258 3377 cum
1280 3313 1426 3398 Procopii
1455 3313 1603 3379 everbis
1631 3307 1741 3399 )χρόνῳ
1765 3311 1798 3377 δὲ
1820 3302 1952 3400 ὕστερον)

329 3430 481 3515 colligere
503 3449 674 3515 possumus
696 3436 764 3495 tum
787 3450 805 3495 e
826 3437 1004 3515 temporum
1026 3429 1155 3497 indiciis
1177 3432 1307 3518 paucis,
1340 3452 1424 3515 quae
1446 3452 1505 3517 per
1525 3431 1721 3498 Iohannidos
1742 3431 1860 3497 librum
1883 3451 1958 3497 sex-

327 3556 395 3645 tum
419 3548 568 3635 dispersa
589 3548 804 3615 inveniuntur.
851 3549 978 3614 Bellum
1000 3550 1087 3616 enim
1109 3549 1270 3635 Syrticum
1292 3572 1355 3617 non
1378 3552 1501 3631 hieme,
1528 3572 1593 3634 qua
1613 3571 1724 3637 pugno
1744 3551 1848 3636 prima
1870 3571 1958 3617 com·

329 3668 432 3736 missa
453 3676 539 3755 erat,
573 3669 631 3735 sed
658 3675 802 3754 tempore
831 3688 870 3733 eo
898 3688 961 3751 quo
987 3669 1102 3735 messis
1124 3669 1284 3754 instabat,
1317 3671 1478 3738 exarsisse
1500 3678 1533 3737 et
1553 3678 1678 3738 aestate
1700 3670 1808 3737 media
1829 3677 1958 3754 gestum

331 3808 403 3855 esse
434 3788 564 3874 Gorippi
594 3808 612 3855 e
642 3787 826 3854 narratione
853 3788 1031 3869 elucet¹⁰¹l
1080 3788 1160 3854 Cum
1189 3790 1288 3875 igitur
1316 3798 1440 3858 mustet
1466 3792 1619 3877 temporis
1649 3791 1847 3875 aliquantum
1875 3789 1959 3856 inter

330 3909 465 3995 primam
488 3915 521 3974 et
542 3907 717 3975 secundam
731 3907 884 3973 Iohannis
906 3907 1145 3992 expeditionem
1165 3909 1362 3994 interfuisse,
1386 3911 1451 3977 iam
1473 3911 1544 3977 fieri
1558 3911 1702 3997 potuisse
1716 3910 1954 3994 intellegemus,

419 4132 476 4193 149)
498 4132 552 4182 θοι.
573 4134 628 4183 loh.
648 4136 660 4182 1
678 4131 729 4182 199
747 4130 815 4194 ipsos
831 4134 930 4195 privato
947 4134 1023 4182 iussit
1041 4133 1144 4183 custode
1161 4136 1251 4184 teucri

417 4217 474 4279 1511)
495 4217 552 4268 Cor.
572 4218 625 4268 loh.
646 4218 671 4266 li
692 4216 700 4266 1
723 4216 829 4267 Pellitur
846 4217 945 4267 luteres
962 4220 1061 4267 cunetis
1079 4224 1188 4269 scrutor
1205 4222 1235 4268 sb
1253 4222 1301 4269 oris

722 4302 826 4353 Maurus
844 4309 871 4353 et
888 4304 990 4353 aduerso
1008 4305 1123 4367 trepidus
1141 4306 1250 4355 eslcutnr
1266 4308 1298 4355 ab
1315 4306 1397 4357 hosta

724 4388 818 4438 duent
834 4390 948 4438 obsessas
965 4390 1066 4450 fugiens
1084 4392 1236 4440 conterritus
1254 4392 1342 4454 nrbes,

723 4474 891 4534 turbatusque
909 4482 979 4522 metu
997 4479 1096 4524 montes
1113 4477 1237 4525 concurrit
1254 4477 1286 4524 ad
1303 4478 1376 4530 altos.

417 4557 475 4619 151)
496 4558 552 4607 θοι.
573 4557 626 4607 1ο1ι.
646 4558 672 4605 ll
692 4555 741 4607 199
760 4558 810 4605 lem
829 4559 901 4607 tortis
918 4571 1053 4622 properans
1072 4561 1163 4610 densos
1180 4562 1307 4611 exeroltus
1324 4562 1410 4611 hortas

757 4644 885 4693 monhbur
902 4646 929 4692 in
947 4647 1053 4695 summis
1071 4653 1099 4696 et
1116 4648 1224 4696 collibus
1242 4660 1298 4698 ersa
1315 4647 1427 4697 videbat.

416 4726 473 4789 152)
495 4727 551 4779 θοι.
570 4727 624 4778 Iob.
644 4728 669 4776 ll
687 4727 817 4779 19-161.
836 4731 869 4778 ο1.
889 4731 1010 4791 prooemii
1026 4731 1104 4779 huius
1121 4745 1148 4794 p.
1169 4732 1323 4782 vin-xv.
2030 4788 2032 4792 ,

415 4812 470 4875 153)
493 4812 549 4865 θοι.
569 4814 621 4864 lob.
642 4812 831 4865 11344-347.
869 4815 919 4874 Qut
942 4829 1029 4864 versus
1051 4830 1201 4879 quemquam
1225 4822 1291 4866 certa
1311 4819 1452 4867 contectura
1470 4818 1573 4865 restitui
1592 4817 1635 4863 rix
1653 4821 1773 4877 ponunt,
1800 4815 1954 4885 autentim

325 4908 410 4950 umen
428 4900 555 4948 continere
572 4899 690 4948 videntur
707 4899 889 4961 planissimam·

413 4984 470 5045 ibt)
491 4984 546 5035 θοι.
566 4983 620 5033 1ο1ι.
640 4982 709 5033 119.
732 4982 789 5034 iss.
809 4982 870 5034 2111.
891 4983 951 5034 trs.
971 4986 1008 5032 lv
1025 4985 1084 5036 uus.
1105 4986 1164 5036 941.

411 5071 469 5133 155)
490 5069 546 5119 θοι.
564 5068 618 5118 1ο1ι.
639 5068 874 5121 1v1054-1057.

413 5153 774 5219 fflfflmww.

412 5240 469 5301 151)
490 5241 560 5289 Ριοο.
580 5241 604 5288 b.
625 5239 706 5290 Vsud.
726 5238 812 5290 1128.
850 5239 905 5290 θοι.
926 5241 977 5291 loh.
999 5241 1036 5290 1v
1056 5240 1130 5293 1154.

412 5324 469 5389 158)
490 5324 545 5376 θοι.
565 5326 620 5375 1ο1.
639 5324 677 5373 Vl
695 5324 807 5376 39-51.

412 5409 468 5471 159)
489 5411 545 5461 θοι.
565 5411 618 5461 1ο1ι.
638 5411 675 5459 VI
693 5409 822 5461 58—103.

411 5497 469 5559 150)
489 5498 598 5546 Fonrnel
618 5498 667 5546 Les
685 5498 790 5548 Barbara
807 5498 819 5544 l
837 5511 863 5558 p.
885 5494 934 5546 1112
963 5497 1013 5546 ‘Le
1036 5497 1136 5559 genarnl
1160 5498 1255 5545 romuin
1280 5498 1345 5545 mit
1368 5499 1383 5544 1
1407 5498 1483 5558 petuo¹
1500 5498 1603 5546 rement
1620 5510 1661 5546 ses
1678 5501 1781 5558 tronpes
1800 5499 1814 5543 t
1831 5495 1951 5557 Carthago

321 5584 383 5646 qu’u
398 5584 484 5646 apprit
500 5582 612 5633 llsrrirte
628 5583 674 5632 slas
690 5584 808 5632 turribius
826 5582 938 5631 humuli
955 5582 1018 5631 drus
1035 5584 1060 5631 lc
1077 5578 1227 5642 syncera.

412 5668 470 5733 151)
490 5668 545 5717 θοι.
565 5667 619 5718 ioh.
640 5668 676 5716 vl
693 5666 742 5718 247
762 5664 860 5717 studiis
876 5680 936 5716 nrm
954 5670 1065 5717 cernitur
1082 5680 1174 5717 annus.

581 5754 630 5803 Vll
647 5754 689 5804 111.
710 5752 740 5802 'li
915 5755 965 5802 lem
982 5759 1084 5816 tempus
1102 5756 1217 5817 apertum

761 5851 854 5901 monor
869 5838 955 5888 habet.
