5030 6734
901 573 1130 631 IOHANNIDOS
1148 574 1218 628 LlB.
1240 574 1303 629 Vll.
1326 574 1396 637 (VI).

814 762 880 857 qux
901 769 1010 830 tamen
1030 763 1207 829 insomnem
1226 762 1352 829 turbato
1374 768 1514 847 tempore
1535 767 1659 827 noctem

728 867 900 951 protrahit,
925 867 1109 934 innumeras
1130 867 1265 933 volvens
1287 867 1347 931 sub
1368 872 1495 951 pectore
1517 884 1621 931 curas.

729 989 901 1039 concussus
923 972 1043 1056 pietate
1064 977 1172 1056 pater,
1197 976 1244 1035 tot
1265 969 1379 1035 funera
1400 968 1538 1051 deflens,

728 1075 886 1160 ingemuit
906 1074 1118 1158 lacrimasque
1141 1073 1242 1139 dedit.
1288 1072 1476 1138 Recinarius
1497 1072 1566 1138 illic

729 1168 875 1243 solame'n
896 1175 1037 1242 ductoris
1059 1181 1129 1241 erat
1150 1175 1319 1258 sociusque
1340 1175 1495 1241 laborum.

729 1281 782 1346 hic
802 1281 889 1345 mala
909 1278 1005 1345 mista
1025 1279 1118 1345 bonis
1139 1285 1262 1364 partem
1285 1298 1474 1363 semperque
1497 1277 1637 1359 serebat,

728 1404 792 1449 non
814 1381 927 1449 humili
950 1401 1023 1447 cum
1043 1382 1138 1467 plebe
1160 1382 1288 1461 iacens,
1314 1381 1481 1465 gravitatis
1504 1380 1626 1444 amicus

730 1494 762 1553 et
783 1487 899 1553 virtute
920 1491 1051 1569 potens,
1080 1485 1220 1551 animam
1242 1485 1297 1568 qui
1319 1504 1436 1569 proruere
1458 1504 1619 1567 nunquam

730 1611 786 1677 pro
808 1589 914 1676 patria
934 1589 1050 1655 timuit.
1097 1588 1185 1654 novit
1207 1587 1294 1654 ferus
1316 1588 1423 1653 omnia
1445 1590 1559 1654 Perses

730 1695 816 1760 sacta
836 1694 913 1773 viri,
939 1692 1122 1777 ingenium,
1148 1692 1248 1773 vires,
1274 1692 1436 1772 consulta,
1462 1692 1606 1773 labores,

730 1798 842 1864 Martis
864 1816 944 1882 opus
965 1797 1105 1876 clarum,
1130 1814 1306 1879 pacemque
1326 1794 1487 1877 fidemque
1509 1794 1691 1878 benignam.

730 1899 820 1965 novit
840 1899 874 1964 in
895 1897 1032 1964 infensis
1053 1917 1136 1981 quae
1158 1896 1236 1962 fecit
1257 1902 1290 1963 et
1310 1896 1421 1962 Africa
1442 1895 1574 1961 Mauris.

731 2002 819 2068 nouit
840 2008 872 2067 et
893 2002 965 2086 ipse
986 2006 1077 2086 pater
1099 2020 1206 2066 secum
1227 2000 1384 2065 tolerasse
1406 1999 1532 2065 labores

731 2125 830 2190 saepe
852 2104 966 2169 virum.
1014 2102 1061 2168 sic
1082 2102 1183 2168 crevit
1202 2122 1307 2185 amur,
1333 2102 1380 2168 sic
1402 2108 1495 2186 grata
1515 2104 1663 2169 voluntas

730 2207 813 2273 inter
835 2213 1003 2289 utrumque
1025 2212 1143 2271 manet.
1189 2212 1312 2291 patrem
1334 2211 1426 2290 putat
1445 2205 1503 2272 ille
1524 2206 1718 2289 Iohannem,

730 2309 788 2375 ille
809 2315 901 2394 putat
921 2308 1064 2391 genitum
1086 2309 1247 2394 proprium
1270 2309 1311 2374 de
1333 2308 1490 2392 sanguine
1512 2316 1633 2375 natum.

731 2433 808 2496 ergo
829 2411 914 2478 inter
935 2430 1008 2478 sese
1029 2411 1129 2477 tristis
1151 2413 1302 2478 narrabat
1324 2419 1457 2495 uterque

732 2515 887 2602 pervigil,
912 2514 1045 2581 infausti
1067 2516 1210 2581 referens
1233 2515 1288 2601 pia
1309 2514 1423 2581 funera
1445 2516 1562 2600 campi.

733 2623 799 2688 dux
820 2621 908 2707 prior
928 2621 1019 2687 haec.
1071 2622 1173 2685 ‘vana
1193 2625 1244 2684 cst
1264 2618 1428 2684 hominum
1451 2619 1618 2703 vigilantia
1639 2625 1724 2685 certe

732 2747 796 2791 nun
818 2724 973 2809 vigilante
996 2724 1068 2789 deo.
1113 2722 1250 2808 propriis
1271 2743 1335 2788 non
1357 2723 1478 2788 viribus
1501 2724 1587 2789 ullus

732 2830 861 2895 vincere
882 2828 971 2895 bella
991 2832 1107 2912 potest.
1154 2827 1242 2892 solus
1263 2827 1319 2911 qui
1340 2827 1474 2893 conterit
1493 2827 1620 2909 hostes,

734 2933 952 3018 omnipotens,
978 2931 1033 3015 qni
1055 2936 1168 2996 ennete
1189 2939 1296 2997 movet
1317 2931 1474 3014 vertitque
1496 2930 1632 3014 ruitque.

734 3057 796 3103 nun
817 3043 925 3103 tamen
947 3035 1076 3101 excelso
1097 3033 1231 3099 nimium
1253 3035 1397 3100 Romana
1418 3054 1560 3119 pmpago

732 3140 838 3207 invisa
859 3146 909 3206 est
930 3138 1075 3220 domino,
1100 3143 1191 3204 tanta
1211 3138 1294 3203 inter
1316 3137 1405 3202 milia
1426 3157 1555 3223 pressos

733 3245 818 3331 quod
839 3246 940 3312 voluit
960 3245 1087 3311 salvare
1108 3264 1209 3309 meos.
1254 3264 1404 3329 reparare
1426 3245 1550 3311 ruinam

734 3350 915 3416 accelerare
937 3350 1061 3435 placet,
1088 3367 1228 3434 pugnarn
1250 3354 1407 3433 temptare
1429 3356 1577 3434 repente,

735 3455 810 3521 dum
832 3452 934 3519 victor
954 3470 1085 3518 securus
1106 3450 1217 3534 adest,
1243 3452 1423 3535 victumque
1446 3451 1596 3536 fugacem

735 3576 807 3623 esse
828 3562 929 3641 putat.
976 3555 1052 3621 victi
1073 3555 1220 3638 quotiens
1242 3555 1348 3621 viuere
1370 3556 1525 3641 superbos
1608 3570 1613 3578 ·

734 3663 836 3728 Marte
858 3660 960 3727 virusl
1010 3660 1104 3726 datur
1126 3667 1159 3726 et
1179 3660 1291 3745 paucis
1313 3660 1449 3727 victoria
1470 3661 1580 3727 maior.

736 3765 885 3847 consule,
912 3783 1003 3847 care,
1029 3764 1133 3848 magis
1156 3764 1271 3830 nostris
1293 3764 1371 3848 quid
1393 3772 1553 3851 competat
1573 3765 1699 3830 armis'.

824 3874 900 3935 tunc
922 3867 1070 3953 placidus
1092 3869 1249 3951 gravitate
1273 3888 1332 3934 sua
1353 3869 1541 3935 Recinanus
1563 3889 1619 3934 ora

737 3972 850 4055 solvit,
877 3971 981 4037 amica
1003 3972 1078 4038 duci
1099 3971 1243 4038 referens
1265 3974 1411 4039 consulta
1431 3973 1568 4040 iubenti.

741 4075 904 4140 ‘divinum
927 4080 1072 4160 spectare
1094 4075 1183 4161 pium
1206 4082 1272 4159 est,
1298 4097 1316 4141 ο
1339 4095 1462 4142 summe
1485 4076 1654 4160 magister,

736 4178 905 4245 auxilium.
951 4198 1078 4264 pugnas
1099 4179 1214 4245 iterum
1235 4186 1393 4265 temptare
1415 4180 1493 4262 quid
1513 4180 1639 4246 instas:l

736 4283 837 4348 virtus
859 4289 935 4349 nota
956 4289 1063 4349 movet
1084 4303 1285 4367 magnaeque
1307 4283 1449 4367 potentia
1471 4281 1615 4349 dextrae.

736 4407 799 4452 non
821 4394 929 4453 tamen
950 4385 1113 4471 ambiguis
1136 4393 1232 4471 caput
1253 4387 1414 4453 obiectare
1436 4387 1566 4472 periclis

738 4510 823 4555 nunc
844 4508 925 4574 opus
947 4496 1005 4555 est.
1052 4490 1161 4556 hostes
1184 4490 1261 4555 fecit
1282 4490 1346 4555 fors
1369 4509 1468 4555 saeva
1490 4492 1645 4576 superbus

738 4593 942 4677 audacesque
963 4593 1090 4659 iuvans.
1136 4594 1315 4677 fugientum
1338 4594 1461 4677 proelia
1483 4612 1611 4679 semper

738 4697 858 4781 frigent
879 4696 975 4762 corda
996 4705 1095 4764 metu.
1141 4697 1250 4763 mortis
1274 4697 1436 4763 confracta
1456 4718 1575 4783 pavore

738 4800 840 4866 virtus
862 4818 980 4883 magna
1001 4800 1101 4866 timet.
1148 4800 1228 4866 belli
1250 4801 1383 4867 sufferre
1405 4801 1562 4866 tumultus

740 4923 912 4988 paucorum
936 4909 1000 4985 est,
1026 4910 1099 4988 post
1120 4903 1207 4969 bella
1228 4904 1350 4987 magis,
1376 4924 1459 4988 quae
1481 4902 1582 4970 caede
1604 4903 1723 4970 recenti

740 5026 930 5074 concussere
951 5006 1048 5074 virus.
1097 5026 1210 5093 sparsa
1231 5016 1377 5094 estpars
1399 5008 1540 5074 maxima
1561 5015 1688 5089 nostra,

740 5111 799 5178 sed
821 5119 930 5178 manet
948 5110 1130 5178 incolumis.
1177 5112 1277 5195 hanc,
1303 5111 1411 5193 fortis,
1437 5112 1571 5196 collige,
1597 5112 1723 5195 ductor,

740 5220 772 5281 et
793 5214 878 5281 unes
900 5235 1050 5301 reparare
1071 5216 1161 5298 iube,
1187 5221 1364 5299 gentesque
1387 5215 1512 5299 require

739 5319 866 5384 alterna
887 5318 929 5384 de
950 5325 1041 5404 parte
1064 5318 1170 5401 ciens,
1196 5338 1280 5401 quae
1302 5325 1410 5385 nostra
1431 5319 1545 5386 fideles

424 5492 457 5542 20
475 5495 591 5542 insomne
610 5494 631 5542 Τ
762 5492 795 5543 23
813 5494 944 5542 nclnanus
964 5493 985 5541 Τ
1116 5491 1149 5542 25
1166 5494 1208 5542 hlc
1225 5494 1289 5542 mala
1305 5495 1380 5542 mlsts
1397 5495 1468 5543 bonis
1485 5502 1582 5557 partem
1603 5495 1632 5555 Τ,
1658 5494 1699 5544 his
1717 5495 1780 5543 mdo
1797 5497 1874 5543 mista
1891 5495 1972 5554 bonis,

356 5584 450 5640 partem
464 5578 605 5641 Momm,
624 5582 668 5630 hle
684 5580 749 5629 mdo
766 5582 843 5630 mista
854 5580 925 5629 bonls
937 5582 1030 5643 pariter
1041 5582 1127 5629 mdlm
1229 5578 1261 5628 27
1280 5581 1387 5628 solmam
1400 5581 1444 5641 qut
1456 5594 1549 5642 ponere
1561 5581 1647 5642 Bekis,
1667 5582 1826 5642 animamque
1837 5593 1929 5643 ponere
1943 5580 1973 5642 Τ,

357 5668 517 5728 animamque
533 5666 750 5728 exponereldcsa.
857 5665 890 5716 28
909 5666 1017 5714 noulsl'
1119 5664 1149 5716 st
1170 5665 1310 5715 intersis?
1414 5665 1446 5714 35
1464 5666 1508 5715 llle
1523 5666 1553 5727 Τ,
1572 5668 1622 5715 lete
1635 5665 1713 5716 Maus.
1800 5667 1928 5728 proprium
1943 5665 1973 5727 Τ,

356 5750 557 5814 propriatim,
577 5751 666 5813 ucles.
680 5752 786 5803 amus.
802 5755 865 5803 last.
880 5753 952 5800 1131
1059 5749 1092 5800 42
1110 5758 1193 5800 amen
1211 5753 1310 5801 excelso
1328 5752 1413 5813 Balcia,
1434 5758 1531 5801 nutum
1550 5754 1616 5801 celso
1637 5752 1658 5799 Τ
1761 5751 1794 5802 46
1812 5753 1882 5800 abest
1899 5750 1972 5800 noua.

357 5838 389 5886 tt
406 5837 488 5900 quil·
582 5838 615 5888 50
632 5838 777 5901 placitusT
873 5836 1088 5899 56nuncMcas.,
1103 5838 1188 5887 ueni·
1282 5837 1311 5887 61
1327 5851 1383 5900 paru
1397 5836 1486 5899 Maza,
1501 5838 1579 5901 perl'
1666 5836 1973 5900 tihenc,lcrtlsrcrlpsl,

355 5923 400 5973 lrsc
418 5924 491 5973 tortis
511 5923 541 5987 Τ,
561 5923 606 5973 luc
623 5925 699 5974 furtes
716 5927 783 5986 lectt,
803 5939 871 5975 nunc
887 5925 964 5974 fortes
981 5923 1183 5986 mipslt'Moss„
1204 5924 1254 5973 huc
1271 5926 1348 5974 fortes
1365 5924 1439 5975 Burs.
1546 5924 1578 5975 63
1597 5938 1684 5987 repara
1703 5925 1724 5973 Τ

1717 6027 1770 6079 11⁸
