5042 6726
1057 578 1286 637 PROOEMIVM.

358 803 594 871 'emendationis
616 810 723 870 certae
745 802 911 888 egregium
933 802 1236 886 fundamenmm¹⁴),
1262 821 1283 866 a
1304 801 1446 885 genuina
1467 799 1605 867 lectione

343 1000 346 1003 ,
769 921 977 1006 dominosque
999 922 1123 987 Avares
1145 941 1230 987 nunc
1250 921 1384 987 Parthia
1405 921 1518 987 ferret»

359 1044 474 1111 litteris
495 1050 619 1110 tantum
642 1042 768 1108 duabus
789 1041 991 1126 transpositis
1013 1039 1130 1121 differt,
1156 1042 1260 1106 altera

770 1161 883 1227 didicit
904 1160 1050 1226 dominos
1073 1160 1229 1245 patientia
1251 1160 1336 1227 ierre

355 1283 559 1368 interpolatio
581 1290 632 1349 est
653 1281 808 1349 audacius
831 1301 928 1364 quam
949 1278 1149 1365 ingeniosius
1172 1280 1365 1367 excogitata.
1412 1280 1517 1364 Atque
1545 1279 1630 1345 banc
1659 1279 1789 1363 quidem
1818 1279 1987 1346 lectionem

356 1422 539 1488 perversam
569 1420 634 1468 non
661 1402 775 1468 codem
803 1401 839 1467 in
860 1400 943 1466 libro
964 1399 1121 1485 aRuizio
1144 1399 1308 1466 inventam
1330 1419 1421 1484 esse,
1454 1421 1472 1466 4
1496 1419 1558 1482 quo
1580 1399 1745 1464 meliorem
1765 1400 1856 1464 illam
1879 1419 1989 1466 emcn-

356 1522 485 1588 datione
508 1522 640 1607 dignam
662 1520 824 1602 hauserit,
856 1520 925 1586 veri
948 1519 1162 1600 simillimum,
1192 1539 1234 1585 04
1256 1518 1362 1586 dicam
1385 1528 1524 1601 certum,
1551 1526 1610 1586 est.
1658 1520 1727 1585 Nec
1749 1518 1867 1586 frustra
1889 1539 1989 1603 quae-

355 1661 480 1723 remus,
514 1648 587 1707 utra
608 1641 762 1708 Ovetensi
792 1639 966 1723 debeatur,
1000 1646 1072 1705 utra
1099 1638 1164 1705 alio
1193 1658 1212 1704 e
1241 1639 1351 1705 codice
1373 1639 1562 1706 manaverit.
1609 1639 1711 1705 Annis
1733 1638 1819 1704 enim
1841 1639 1909 1705 fere
1932 1639 1990 1705 tri-

356 1761 448 1843 ginta
469 1767 641 1843 antequam
662 1760 796 1826 Ruizius
827 1758 949 1845 primus
973 1759 1104 1844 Corippi
1132 1759 1364 1844 panegyricum
1393 1765 1493 1825 totum
1524 1757 1643 1839 edidit,
1677 1778 1742 1823 una
1764 1778 1836 1824 cum
1858 1758 1989 1825 Sidonio

355 1879 537 1965 Apollinari
566 1900 651 1945 anno
674 1879 814 1944 Μ1111Π0
841 1881 882 1945 ab
905 1879 979 1944 Elia
1002 1879 1117 1944 Vinetc
1146 1899 1164 1943 4
1194 1878 1304 1944 codice
1327 1877 1520 1944 Santcncnsi
1553 1877 1716 1961 ‘Epistola
1737 1879 1824 1962 regis
1847 1880 1988 1945 Avarum

355 2000 399 2065 cd
419 1999 644 2084 imperatorem
667 2000 861 2064 Romanum’
884 1998 1004 2083 publici
1019 1997 1099 2062 iuris
1114 1997 1202 2063 iacta
1216 2004 1295 2080 erat,
1321 2017 1404 2081 quae
1420 1997 1642 2079 duodeviginti
1657 1997 1805 2063 versibus
1820 1998 1989 2083 Corippeis

353 2117 599 2204 interpolatione
621 2118 793 2184 audaciore
815 2117 992 2203 inquinatis
1013 2117 1063 2183 III
1086 2119 1257 2181 271-288
1283 2118 1461 2183 constabat.
1509 2116 1635 2183 Sidonii
1656 2117 1831 2183 editionem
1853 2117 1989 2203 primam

358 2258 396 2305 ac
417 2245 493 2305 tunc
513 2237 666 2322 temporis
689 2238 817 2303 unicam
839 2237 916 2322 quin
938 2236 1072 2302 Rnizins
1094 2236 1228 2318 noverit,
1258 2236 1400 2302 dubitari
1421 2237 1543 2319 nequit.
1591 2236 1768 2322 Epistulam
1790 2236 1878 2319 regis
1900 2237 1991 2303 Ava-

356 2379 427 2424 rum
449 2377 522 2424 eum
544 2357 743 2442 inspexisse,
776 2357 995 2439 lectionesque
1023 2376 1044 2421 a
1073 2355 1183 2423 codice
1213 2374 1271 2421 suo
1293 2356 1512 2442 discrepantes
1536 2355 1684 2423 editionis
1706 2357 1740 2423 in
1762 2356 1908 2441 margine
1930 2356 1991 2422 ad-

355 2486 497 2559 notasse,
523 2476 595 2561 quis
616 2483 724 2560 neget,
751 2476 807 2558 qui
829 2476 934 2560 ipsam
956 2475 1048 2541 illam
1070 2494 1255 2560 perversam
1277 2495 1390 2542 versus
1412 2476 1462 2541 III
1485 2479 1547 2541 280
1570 2475 1705 2543 sormam

768 2594 882 2661 didicit
903 2594 1049 2661 dominos
1071 2594 1227 2680 patientia
1249 2595 1333 2662 serre

355 2717 389 2783 in
404 2716 551 2801 Epistola
572 2715 659 2800 regis
674 2718 816 2782 Avarum
838 2721 948 2781 extare
971 2714 1110 2780 viderit?
1142 2714 1265 2792 Quodsi
1286 2715 1452 2780 meliorem
1475 2722 1598 2782 tentum
1619 2716 1710 2783 illam
1733 2736 1847 2783 versus
1860 2715 1911 2782 III
1926 2719 1989 2783 280

356 2836 525 2902 14060040
548 2835 702 2903 Ovetensi
726 2834 854 2917 deberi,
887 2835 1113 2920 interpolatam
1135 2834 1345 2901 santonensis
1368 2834 1488 2901 codicis
1511 2855 1584 2903 esse
1607 2837 1831 2922 pernovimus,
1865 2843 1990 2904 ceteras

355 2955 452 3021 etiam
481 2974 630 3021 versuum
653 2955 703 3020 ΠΙ
726 2956 896 3033 271-288
919 2955 1074 3021 14060041
1095 2953 1223 3038 106141,
1255 2974 1339 3035 quae
1361 2961 1393 3020 et
1415 2954 1567 3021 editionis
1588 2956 1765 3024 Ruizianae
1786 2956 1821 3022 in
1842 2956 1988 3041 margine

355 3075 442 3140 etin
464 3074 611 3159 Epistola
632 3075 719 3159 regis
741 3074 881 3140 Avarum
904 3074 1120 3157 inveniuntur,
1146 3073 1207 3139 soli
1230 3072 1433 3157 Santcncnsi,
1459 3094 1522 3142 non
1545 3075 1709 3159 Ovetensi,
1737 3075 1984 3143 vindicabimus.

356 3194 513 3260 Adscribe
535 3195 594 3259 has
617 3195 771 3260 lectiones
792 3214 960 3280 perperam
982 3194 1046 3259 iruc
1068 3213 1169 3278 usque
1192 3193 1346 3260 Ovetensi
1367 3192 1533 3260 addictas:

690 3317 881 3379 Matritensis
1389 3318 1598 3399 0019011011
1626 3315 1679 3398 (ccc
1702 3317 1895 3399 Scatooecssl

356 3415 405 3480 lII
428 3414 668 3498 2700164141,
695 3417 813 3483 frustra
835 3415 933 3482 celsis
955 3415 1137 3500 Babylonia
1159 3436 1232 3480 mu·
1309 3436 1351 3483 ne
1380 3416 1460 3482 forte
1490 3417 1629 3484 excelsis
1658 3416 1778 3483 frustm
1806 3417 1988 3502 Babylonia

552 3517 597 3583 ris
619 3519 723 3584 cincta
744 3519 836 3601 foret,
1350 3518 1450 3584 muris
1473 3520 1576 3585 cincta
1599 3520 1681 3586 foret

427 3621 489 3684 282
512 3620 728 3717 hibemasque
760 3622 852 3688 nives
886 3639 999 3687 cursus
1028 3640 1093 3703 qua
1122 3620 1228 3687 frenat
1306 3621 1456 3687 hibernos
1468 3642 1581 3689 cursus
1593 3622 1721 3706 qnando
1732 3622 1875 3690 refrenat
1885 3643 1988 3708 aqua-

549 3743 705 3807 aquarum
1347 3744 1417 3789 rum

425 3827 487 3891 284
510 3824 649 3891 vidimus
672 3835 823 3893 extensos
844 3826 949 3893 vitrea
968 3827 1130 3893 testudine
1145 3846 1226 3912 pon-
1304 3825 1444 3892 vidimus
1456 3834 1489 3893 et
1497 3834 1598 3894 tectos
1613 3827 1717 3894 vitrea
1731 3827 1892 3894 testudine
1907 3848 1988 3914 pen-

548 3935 600 3995 tes
1346 3935 1397 3995 tes

426 4034 487 4096 287
512 4038 664 4116 cognatos
686 4032 799 4098 latices
821 4031 952 4098 laticum
973 4039 1122 4099 concreta
1136 4040 1229 4117 tege-
1309 4038 1462 4115 cognatos
1489 4031 1604 4098 latices
1632 4030 1762 4099 laticum
1785 4051 1856 4099 cum
1879 4038 1988 4099 crusta

551 4134 630 4199 bant
1349 4135 1482 4218 tegebat

356 4252 512 4319 Omnibus
546 4252 597 4319 his
631 4254 820 4319 lectionibus
853 4255 1034 4340 segregatis
1067 4253 1251 4338 quindecim
1284 4260 1381 4321 notae
1413 4253 1552 4338 margini
1584 4254 1708 4339 primae
1744 4253 1895 4320 editionis
1927 4254 1988 4320 ad-

355 4373 493 4457 scriptae
523 4380 705 4458 supersunt.
751 4373 800 4439 Ac
827 4375 930 4440 tribus
960 4374 1089 4459 quidem
1119 4373 1199 4457 locis
1228 4374 1278 4438 III
1303 4377 1378 4440 323.
1412 4375 1487 4438 346.
1521 4375 1583 4440 393
1613 4371 1787 4457 fragmenti
1815 4373 1986 4441 Ovetensis

354 4492 491 4558 lectione
522 4492 556 4557 in
584 4498 707 4558 textum
736 4500 865 4577 recepta
893 4493 1025 4559 Ruizius
1055 4514 1113 4576 ca,
1146 4512 1229 4577 quae
1257 4493 1291 4557 in
1321 4492 1511 4558 1000011104
1539 4493 1736 4577 (Matritensi)
1764 4494 1932 4560 invenerat
1952 4494 1985 4559 in

354 4612 532 4696 marginem
554 4610 723 4694 relegavit,
749 4610 918 4678 duodecim
940 4612 1019 4679 locis
1041 4612 1090 4677 III
1106 4615 1180 4677 216.
1203 4614 1277 4677 280.
1303 4615 1378 4687 284.
1404 4616 1477 4676 204.
1505 4614 1579 4676 344.
1606 4614 1681 4677 350.
1707 4616 1781 4678 365.
1808 4615 1882 4678 368.
1908 4615 1983 4679 311.

355 4733 619 4795 3723763110
648 4729 743 4796 14060
772 4731 961 4818 marginalis
989 4732 1169 4815 fragmento
1195 4732 1349 4798 Ovetensi
1378 4731 1523 4799 debetur.
1570 4730 1640 4797 Iam
1670 4733 1711 4799 de
1743 4732 1985 4817 ‘antiquissimo

353 4851 410 4915 illo
431 4850 593 4916 volumine
615 4850 786 4917 Ovetensis
808 4850 993 4934 Ecclesiae,
1027 4851 1082 4917 ubi
1111 4851 1271 4918 orationes
1300 4851 1403 4936 legati
1425 4853 1567 4918 Avarum
1593 4858 1626 4917 et
1647 4851 1761 4918 Iustini
1783 4851 1985 4935 imperatoris
2069 4882 2071 4886 ⁷

354 4971 623 5053 continebantur’,
655 4970 810 5036 iudicium
840 4970 953 5055 laturi,
987 4972 1016 5037 si
1037 4971 1257 5038 Matritensem
1280 4971 1377 5038 etiam
1400 4972 1545 5038 codicem
1568 4971 1763 5038 Ovetensem
1785 4960 1862 5037 olim
1884 4970 1986 5038 fuisse

354 5087 604 5170 meminerimus,
630 5089 711 5156 duos
733 5090 791 5156 hos
813 5091 912 5156 libros
935 5090 1098 5157 artissima
1117 5090 1202 5157 inter
1223 5110 1258 5157 se
1280 5090 1437 5157 affinitate
1459 5091 1643 5157 coniunctos
1665 5091 1767 5157 luisse
1781 5110 1985 5175 nequaqnam

354 5209 550 5275 mirabimur.
598 5209 691 5275 Iocis
718 5217 866 5292 00111001
887 5209 1084 5277 Matritensis
1106 5210 1201 5276 lectio
1222 5211 1328 5295 prima
1350 5231 1446 5276 manu
1469 5218 1603 5276 exarata
1626 5231 1697 5277 cnm
1720 5209 1874 5277 Ovetensi
1896 5209 1986 5293 irag-

354 5336 461 5394 mento
483 5328 646 5413 conspirat
657 5331 690 5413 151
707 5355 713 5393 :

442 5587 472 5636 14
502 5589 535 5637 ci.
575 5588 670 5638 .L111.
1885 5616 1889 5622 ·

442 5590 483 5733 lbl
502 5673 540 5721 Ne
556 5601 617 5735 lruis
635 5673 700 5723 icrte
718 5674 834 5722 Ruizium
852 5674 889 5722 111
908 5673 967 5724 284.
988 5674 1048 5725 344.
1070 5674 1119 5724 350
1143 5675 1298 5724 Matritensis
1316 5689 1407 5724 011004
1424 5676 1519 5737 primae
1536 5676 1671 5724 lectionem
1688 5675 1794 5736 margini
1812 5674 1982 5735 adscripsisse,

353 5758 503 5808 Oretensem
522 5773 579 5807 cam
593 5760 703 5808 secunda
714 5758 871 5813 Matritensis
886 5773 963 5808 10100
975 5761 1132 5809 consensisse
1144 5760 1234 5820 0141111,
1255 5761 1400 5809 meminisse
1411 5761 1511 5809 iuvsbit
1521 5760 1649 5821 Butrium,
1670 5760 1818 5821 ubicunque
1829 5758 1985 5821 Matritensis

352 5849 451 5892 textum
470 5845 549 5893 slters
565 5857 641 5892 01100
660 5845 821 5893 1001011100]
839 5847 989 5907 invenisset,
1011 5845 1084 5894 111411
1101 5847 1189 5895 msnul
1206 5846 1253 5894 soii
1269 5846 1404 5909 cenddcre,
1423 5847 1530 5908 priorem
1544 5858 1644 5908 prorsus
1656 5846 1790 5906 neglegere
1801 5846 1904 5895 solitum
1917 5858 1982 5895 esse.

431 5941 550 5984 00014111.
1757 5944 1776 5999 h
