5042 6726
1285 528 1434 585 CORlPPl
1451 610 1457 621 ὓ

930 718 1134 803 audacesque
1158 719 1264 785 simul.
1312 721 1429 786 multos
1451 741 1526 786 uam
1548 739 1646 805 saepe
1670 719 1791 786 revisit.

931 829 963 889 et
986 823 1097 906 quanti
1119 843 1160 888 aa
1182 822 1262 908 ipsis
1284 823 1425 907 palmam
1449 842 1614 908 sumpsere
1636 822 1782 907 periclis!

932 932 967 989 ut
990 924 1083 992 dccet
1104 944 1177 992 esse
1199 924 1316 1007 duces,
1342 925 1428 992 cauti
1449 925 1611 1010 fortesque
1632 932 1802 1008 trucesque

931 1027 1063 1113 pandite
1086 1028 1221 1112 quisque
1243 1048 1320 1094 suas
1342 1029 1421 1094 belli
1441 1028 1476 1093 in
1498 1027 1681 1095 discrimine
1704 1028 1799 1094 vires.

933 1131 975 1198 sit
997 1132 1087 1197 labor
1108 1132 1165 1198 ille
1188 1131 1316 1196 animis.
1363 1132 1450 1198 acies
1473 1131 1651 1216 componite
1673 1132 1803 1201 tumds.

933 1242 1111 1317 cunctaque
1134 1234 1299 1320 dispositis
1321 1234 1470 1301 incedant
1492 1234 1586 1317 signa
1609 1234 1770 1319 maniplis,

934 1337 1014 1404 baec
1037 1338 1079 1405 sit
1101 1338 1272 1424 praecipue
1295 1337 1411 1403 summi
1433 1338 1561 1404 cautela
1583 1338 1720 1405 laboris.

935 1441 993 1506 iras
1016 1441 1133 1523 vigiles
1156 1449 1281 1508 servate
1305 1442 1402 1508 vices.
1451 1440 1503 1506 bis
1525 1440 1653 1506 vincitis
1676 1441 1796 1507 hostes.

933 1544 1045 1610 ordine
1068 1545 1202 1628 quisque
1225 1563 1283 1610 suo
1305 1543 1503 1630 praecedant
1524 1550 1628 1609 castra
1652 1544 1788 1623 tribuni,

932 1646 1156 1730 interdumque
1179 1646 1296 1729 duces,
1321 1654 1491 1733 suspectas
1513 1666 1667 1730 quaerere
1689 1648 1793 1713 valles

932 1758 965 1815 et
986 1747 1100 1816 faciles
1122 1756 1287 1834 praestare
1309 1750 1389 1815 vias.
1438 1749 1598 1816 exercitus
1620 1749 1723 1814 omnis

932 1852 983 1918 his
1006 1872 1137 1919 securus
1159 1852 1236 1933 erit,
1263 1860 1390 1919 cautum
1414 1872 1474 1919 nec
1496 1852 1662 1938 praevenit
1685 1852 1785 1919 hostis

933 1956 1164 2040 vallatumque.
1210 1956 1277 2021 suis
1300 1963 1333 2021 at
1356 1955 1384 2021 si
1406 1955 1570 2021 Maurusia
1592 1956 1713 2021 bellum

934 2058 1104 2125 fraudibus
1126 2059 1259 2125 occultis
1281 2059 1368 2124 acies
1391 2066 1521 2125 assueta
1544 2059 1689 2144 parabit,

933 2161 1064 2228 nuntius
1086 2170 1161 2228 ante
1183 2160 1265 2228 levis
1288 2169 1412 2228 nostras
1436 2161 1581 2247 deportet
1603 2161 1646 2228 ad
1668 2182 1764 2229 aures

933 2271 1044 2331 vectus
1067 2285 1166 2349 equo,
1191 2271 1366 2347 cautasque
1389 2263 1466 2330 facit
1488 2285 1659 2350 properare
1681 2266 1837 2333 cohortes.

934 2367 995 2432 hoc
1017 2374 1159 2447 somate,
1187 2367 1296 2433 duces.
1345 2387 1454 2433 veram
1478 2374 1604 2452 sperate
1628 2368 1791 2435 salutem',

1019 2470 1146 2537 dixerat
1169 2470 1249 2537 baec
1271 2470 1398 2551 ductor,
1427 2470 1526 2535 latum
1549 2490 1621 2536 cum
1644 2471 1775 2537 vocibus
1797 2491 1913 2554 agmen

933 2574 1137 2658 consequitur
1158 2573 1262 2640 festis.
1308 2573 1443 2639 laudant
1466 2573 1685 2658 plauduntque
1708 2573 1880 2655 laventque

933 2678 1141 2762 exultantque
1164 2676 1280 2742 auirrris
1303 2683 1334 2743 et
1358 2675 1434 2742 laeti
1457 2675 1545 2741 iussa
1568 2674 1741 2743 facessunt,

1364 2872 1368 2877 .
1378 2870 1515 2877 ---——--

1113 3047 1275 3145 LIBER
1307 3045 1610 3146 SECVNDVS.

1023 3261 1157 3328 Pellitur
1179 3260 1300 3326 interea
1323 3261 1445 3327 cunctis
1468 3267 1610 3326 vastator
1631 3261 1672 3326 ab
1696 3261 1767 3337 orisj

937 3366 1085 3431 Maurus.
1113 3372 1145 3431 et
1166 3363 1302 3430 adverso
1324 3363 1470 3449 trepidus
1493 3364 1634 3430 calcatur
1655 3364 1696 3429 ab
1719 3363 1822 3429 hoste.

937 3469 1058 3537 deserit
1079 3470 1229 3535 obsessas
1251 3467 1380 3552 fugiens
1403 3467 1592 3534 conterritus
1615 3468 1728 3549 urbes,

936 3573 1146 3657 turbatusque
1168 3578 1254 3638 metu
1278 3579 1402 3638 montes
1424 3570 1583 3637 concurrit
1602 3570 1646 3636 ad
1667 3571 1767 3645 altos,
1871 3636 1876 3645 ,

939 3675 1072 3759 diraque
1095 3676 1231 3741 muniuit
1251 3675 1422 3761 posuitque
1446 3664 1587 3760 mapalia
1610 3674 1714 3739 silvis.
1774 3640 1843 3771 *dp
1865 3656 1890 3719 l·

939 3779 1111 3864 implentur
1133 3779 1299 3862 vallesque
1322 3797 1421 3844 cavae
1445 3776 1608 3861 collesque
1631 3777 1738 3862 supini

939 3881 1089 3966 gentibus
1112 3881 1306 3963 innumeris,
1332 3899 1526 3966 camposque
1548 3886 1581 3946 ct
1601 3878 1733 3946 flumina
1756 3881 1820 3946 late

939 4005 1036 4051 curva
1060 3991 1181 4068 tegunt.
1230 3983 1323 4049 latuit
1345 3983 1455 4050 densis
1478 3983 1672 4049 contermina
1698 3984 1795 4049 tellus

939 4087 1141 4173 agminibus,
1166 4093 1353 4170 montesque
1377 4094 1409 4152 ct
1431 4086 1529 4153 celsis
1551 4084 1684 4153 frondea
1708 4086 1799 4152 silvis

940 4199 1024 4258 tecta
1046 4192 1148 4258 latent
1169 4189 1328 4276 pendente
1351 4209 1438 4255 casa.
1487 4189 1569 4274 fugit
1590 4188 1665 4255 inde
1688 4188 1828 4254 ferarum

940 4315 1033 4361 omne
1056 4314 1176 4380 genus,
1202 4293 1291 4359 sacri
1313 4312 1464 4359 reverens
1488 4293 1648 4359 venabula
1671 4292 1792 4375 Mauri,

941 4418 1000 4464 nec
1022 4397 1124 4483 potuit
1146 4396 1297 4462 miscmm
1319 4403 1426 4462 tantas
1450 4395 1588 4462 eradere
1609 4403 1736 4481 pestes,

941 4501 998 4568 sed
1021 4502 1105 4567 iacet
1127 4499 1235 4566 affixis
1258 4499 1407 4584 resupino
1429 4499 1462 4564 in
1485 4505 1612 4584 pectore
1633 4500 1718 4565 telis.

941 4625 1005 4671 non
1027 4604 1113 4670 mitis
1136 4603 1266 4668 volucer
1287 4601 1385 4667 ramis
1408 4601 1584 4686 permissus
1605 4601 1639 4667 iu
1660 4601 1736 4667 altis

940 4706 1107 4773 frondibus
1128 4713 1184 4772 aut
1204 4705 1321 4772 mediis
1344 4705 1458 4771 dulces
1480 4704 1676 4790 suspendere
1699 4704 1804 4770 nidos.

940 4809 1107 4875 arboribus
1129 4807 1269 4892 religant
1290 4814 1441 4890 congesto
1463 4807 1602 4874 culmine
1624 4826 1745 4873 manas

941 4912 1106 4993 omuibus,
1133 4918 1165 4976 et
1186 4909 1274 4976 nullo
1296 4917 1346 4976 est
1367 4929 1503 4975 vacuum
1526 4910 1589 4975 iam
1612 4910 1646 4975 in
1668 4916 1774 4975 monte
1797 4927 1965 4989 cacumen,

941 5014 1079 5099 qualiter
1100 5012 1227 5079 infusae
1248 5013 1347 5079 tellus
1369 5019 1514 5079 contecta
1536 5013 1669 5098 pminae

940 5117 1024 5184 nube
1047 5117 1144 5191 latet,
1171 5114 1339 5200 campique
1361 5122 1394 5181 et
1416 5121 1539 5181 montes
1561 5115 1656 5180 arbor
1678 5121 1710 5180 et
1732 5114 1834 5179 omnis

813 5243 843 5285 ro
941 5221 1046 5303 albet,
1073 5228 1106 5286 et
1127 5219 1198 5304 ipse
1221 5219 1287 5284 auis
1310 5225 1431 5284 artatur
1453 5217 1591 5283 motibus
1613 5225 1686 5299 aer,

624 5504 674 5554 564
691 5510 776 5554 mutor
795 5503 871 5553 um.
989 5498 1148 5563 trucrqneT
1266 5495 1315 5545 566
1333 5496 1409 5545 lunor
1429 5495 1450 5543 Τ
1571 5495 1620 5543 5ἶ3
1638 5509 1685 5544 nec
1706 5496 1734 5555 Τ,
1755 5496 1848 5544 nonV
1968 5494 2018 5545 stc
2036 5494 2184 5557 nuptinsd'

555 5590 605 5640 5¹18
622 5590 765 5654 sperareT
867 5587 915 5637 581
935 5587 1106 5637 lacescuntT
1206 5634 1214 5661 r

624 5677 761 5737 bdiraque
781 5674 811 5735 T,
831 5678 958 5735 mitraque
977 5672 1055 5723 Musa.
1163 5662 1381 5747 ffl„.i⁰'ji’⁸⁵v
1402 5671 1430 5717 in
1448 5668 1529 5735 prelia
1550 5669 1579 5729 Τ,
1599 5669 1724 5730 imparata
1737 5666 1815 5717 Muza.
1921 5667 1938 5715 li
1956 5667 2145 5728 implenturque
2161 5664 2181 5711 T

555 5764 679 5823 &tegrini
699 5761 728 5819 Τ,
750 5764 838 5810 tenent
857 5758 934 5807 Muza.
1052 5757 1080 5807 il
1101 5770 1220 5807 reuerana
1237 5759 1330 5818 scripsi,
1352 5756 1462 5804 reterens
1485 5755 1505 5802 Τ
1619 5752 1764 5805 liuidinis
1786 5753 1806 5800 Τ
1921 5751 1952 5801 lb
1970 5752 2140 5814 sabspeadcre
2161 5749 2181 5797 Τ

555 5848 587 5899 18
606 5853 722 5897 contexta
743 5846 764 5893 Τ
1219 5846 1267 5915 pp*
1277 5896 1281 5913 Ι
1350 5854 1389 5925 <⁸3
