5030 6734
1278 522 1426 576 CORIPPI

927 715 997 774 aret
1018 709 1131 791 lingua
1152 709 1249 791 viris,
1276 711 1376 775 facies
1400 712 1507 793 rubet,
1534 712 1618 777 altus
1641 712 1774 777 anhelat

927 819 1058 896 pectora
1078 813 1315 896 pulmociens,
1342 813 1501 896 mittitque
1524 835 1543 880 e
1565 815 1697 880 naribus
1717 815 1836 898 ignem.

927 932 1044 998 aspera
1067 915 1230 980 subtracta
1252 915 1435 981 fervescunt
1457 937 1513 981 ora
1535 917 1655 999 saliva,

927 1023 960 1080 et
981 1015 1057 1080 fu'rit
1079 1023 1211 1082 exustus
1234 1017 1327 1082 siccis
1350 1018 1384 1083 in
1406 1017 1553 1084 faucibus
1576 1019 1681 1084 ardor.

926 1117 1029 1182 omnis
1051 1118 1092 1182 ab
1115 1118 1249 1184 internis
1271 1119 1384 1185 humor
1406 1119 1476 1185 fluit
1497 1121 1613 1186 anxius
1636 1121 1738 1203 eutis,

926 1220 1153 1305 perfunditque
1177 1228 1298 1303 cutem,
1325 1243 1419 1305 quem
1442 1243 1516 1288 mox
1538 1224 1663 1289 exiccat
1682 1223 1811 1307 iniquus

925 1323 1010 1388 aeris
1032 1323 1102 1407 ipse
1125 1325 1228 1405 calor,
1254 1324 1461 1409 tepidumque
1483 1346 1504 1390 a
1525 1346 1656 1410 corpore
1678 1326 1784 1392 sumit.

1011 1425 1092 1490 vidit
1114 1434 1150 1491 ut
1170 1426 1231 1491 boc
1253 1427 1381 1509 ductor,
1407 1428 1507 1494 dilato
1529 1429 1631 1494 Marte
1652 1429 1814 1494 Iohannes

926 1533 1031 1592 castra
1053 1547 1150 1612 super
1172 1528 1284 1593 dulces
1306 1530 1412 1613 posuit
1434 1530 1575 1596 sitientia
1596 1531 1712 1596 fontes.

925 1629 1054 1695 confluit
1075 1630 1118 1695 ad
1140 1631 1267 1713 gelidas
1289 1632 1407 1697 ardens
1429 1633 1588 1698 exercitus
1610 1633 1731 1714 undas,

923 1732 1171 1816 incumbuntque
1185 1734 1257 1815 siti.
1305 1755 1368 1818 quo
1390 1754 1476 1800 more
1499 1736 1667 1802 canalibus
1689 1737 1771 1803 horti

922 1835 1109 1901 innumerae
1133 1836 1308 1903 densantur
1329 1857 1425 1921 apes,
1452 1858 1523 1903 cum
1546 1839 1614 1903 sole
1637 1839 1784 1905 subalta

923 1938 988 2002 iam
1011 1959 1083 2004 sese
1106 1959 1124 2004 e
1147 1945 1243 2023 pastu
1264 1940 1423 2022 referunt,
1451 1941 1581 2024 rivoque
1602 1940 1714 2007 fluenti

924 2041 1109 2106 mellificum
1132 2042 1213 2107 bibit
1234 2062 1351 2124 agmen
1373 2062 1491 2125 aquas,
1518 2043 1565 2108 sic
1586 2044 1662 2127 igne
1686 2052 1851 2129 perustum

924 2163 982 2226 per
1004 2142 1091 2227 ripas
1114 2144 1177 2208 ruit
1198 2164 1291 2209 omne
1313 2164 1427 2227 genus.
1475 2166 1539 2209 non
1562 2146 1654 2212 frena
1675 2148 1840 2213 retardant

926 2243 1113 2327 cornipedes
1137 2243 1290 2323 domit0s3
1316 2265 1379 2310 non
1402 2266 1485 2327 quae
1508 2267 1605 2331 super
1627 2266 1683 2312 ora
1706 2249 1845 2314 camelos

924 2346 1055 2411 vincula
1076 2367 1150 2410 rara
1171 2353 1291 2412 tenent.
1338 2348 1468 2412 mistum
1491 2369 1594 2432 genus
1617 2369 1710 2415 omne
1732 2349 1864 2416 bibebat

925 2447 1104 2529 undivagos
1127 2447 1251 2513 latices.
1297 2449 1411 2514 ardent
1433 2450 1606 2533 sitiuntque
1628 2450 1787 2516 bibentes.

925 2552 978 2617 hic
1000 2552 1137 2636 genibus
1160 2551 1250 2635 fixis,
1276 2553 1424 2618 manibus
1446 2554 1527 2620 bibit
1549 2554 1605 2619 ille
1628 2552 1768 2635 cavatis,

816 2695 820 2707 ·
925 2674 1042 2739 pronus
1064 2673 1166 2737 aquas
1187 2654 1271 2719 alius
1293 2654 1407 2720 lambit
1428 2654 1469 2720 de
1490 2653 1622 2721 flumine
1643 2656 1767 2739 lingua.

924 2757 980 2823 ille
1002 2757 1118 2823 cadum
1140 2763 1272 2842 potans,
1298 2763 1443 2842 pateram
1465 2763 1553 2823 tenet
1574 2759 1656 2825 alter
1678 2766 1712 2825 et
1734 2778 1857 2823 urnam.

923 2859 1057 2925 flumina
1077 2860 1142 2925 iam
1164 2860 1321 2925 minuunt.
1360 2859 1449 2942 ipsas
1471 2860 1642 2945 impressat
1662 2862 1801 2927 harenas

923 2963 1154 3046 belligerem,
1180 2982 1277 3046 super
1298 2962 1430 3028 foedant
1451 2982 1532 3045 quas
1555 2983 1653 3048 saepe
1676 2963 1833 3030 movendo

924 3065 1169 3149 quadrupedes,
1194 3064 1370 3147 mistasque
1392 3063 1466 3131 fimo
1488 3086 1549 3131 nec
1569 3066 1692 3151 respuit
1714 3065 1818 3132 undas

924 3169 1017 3233 turba
1039 3167 1093 3232 siti
1116 3166 1256 3232 fervens.
1302 3166 1437 3232 miseros
1459 3168 1506 3232 sic
1527 3167 1626 3233 flatus
1645 3169 1773 3253 agebat.

1010 3269 1137 3355 Syrtica
1158 3277 1265 3335 castra
1287 3276 1412 3351 tamen,
1438 3269 1536 3335 nimio
1559 3270 1686 3336 turbata
1707 3289 1844 3354 pavore,

924 3393 1023 3438 saeva
1045 3373 1105 3438 sub
1128 3373 1260 3438 alternis
1283 3371 1396 3437 urebat
1416 3371 1545 3437 flamma
1567 3372 1707 3457 periclis.

923 3495 1061 3557 namque
1084 3495 1181 3560 super
1201 3482 1297 3540 vento
1319 3474 1448 3557 gravior
1469 3474 1563 3540 timor
1584 3474 1655 3559 ipse
1677 3473 1817 3557 fatigans

923 3577 1188 3660 ingeminansque
1211 3578 1296 3642 sitim
1318 3583 1432 3660 gentes
1454 3577 1596 3661 pellebat
1617 3597 1745 3642 amaras

922 3680 970 3745 ire
992 3681 1119 3763 procul,
1144 3679 1260 3745 retinet
1281 3678 1340 3744 sed
1362 3679 1462 3744 victos
1484 3679 1612 3744 Africus
1633 3680 1710 3763 igne

923 3782 1102 3867 impediens
1124 3782 1270 3866 populos.
1317 3782 1459 3865 captivos
1481 3781 1661 3865 comprimit
1681 3781 1777 3846 Afros

923 3884 1052 3950 horrida
1073 3904 1171 3949 mors.
1216 3883 1351 3948 miseros
1374 3884 1493 3967 praedo
1515 3889 1646 3966 urguet,
1672 3882 1802 3949 flamma
1822 3884 1982 3963 retardat,

924 3988 1038 4052 lancea
1059 3994 1152 4068 terga
1173 3985 1247 4051 ferit
1268 3985 1473 4067 miserorum,
1500 3994 1631 4069 pectora
1652 3987 1760 4053 turbat

923 4086 1051 4152 Africus
1073 4087 1149 4170 igne
1172 4087 1291 4153 calens.
1341 4086 1463 4171 eampis
1485 4093 1644 4171 prostrata
1665 4087 1803 4153 cadebat

923 4189 1016 4253 turba
1037 4209 1182 4273 gemens.
1229 4189 1361 4255 moritur
1382 4189 1480 4253 variis
1503 4209 1561 4272 per
1582 4189 1678 4255 devia
1699 4190 1785 4257 fatis.

922 4290 976 4356 hic
996 4291 1084 4356 venti
1106 4291 1260 4373 flammis,
1286 4291 1339 4356 hic
1361 4291 1450 4355 saevi
1472 4292 1605 4357 vulnere
1628 4292 1720 4374 ferri,

922 4391 975 4456 hie
995 4391 1036 4455 ab
1059 4397 1193 4475 utroque
1215 4390 1311 4456 eadit.
1359 4390 1479 4474 gladiis
1500 4412 1575 4456 narn
1598 4412 1729 4477 corpora
1750 4391 1903 4471 fundunt,

921 4493 1040 4559 balitus
1063 4494 1095 4558 in
1119 4514 1241 4559 summo
1263 4494 1370 4560 tenuis
1391 4493 1507 4576 quibus
1530 4513 1584 4559 ore
1604 4494 1768 4560 remansit.

920 4597 985 4661 iam
1007 4598 1136 4680 gravior
1157 4598 1251 4664 flatus
1273 4597 1406 4663 veniens
1429 4597 1594 4663 Maurusia
1614 4599 1721 4664 turbat

920 4720 1071 4786 corpora,
1097 4708 1197 4766 morte
1219 4719 1378 4785 premens.
1424 4699 1512 4765 misti
1533 4721 1590 4783 per
1611 4707 1703 4786 prata
1725 4700 1883 4767 cadebant

919 4800 999 4865 fessi
1021 4800 1259 4883 quadrupedes.
1305 4800 1404 4866 vitam
1426 4788 1495 4865 scrs
1518 4819 1617 4867 saeva
1638 4802 1789 4885 negabat.

919 4900 978 4966 sed
999 4907 1107 4966 tamen
1129 4900 1273 4966 infensas
1295 4920 1436 4984 urguens
1457 4902 1551 4967 timor
1571 4904 1619 4967 ire
1640 4909 1786 4969 catervas

919 5023 977 5086 per
998 5003 1126 5068 deserta
1147 5003 1246 5068 iubet.
1294 5023 1354 5069 uec
1375 5004 1440 5068 iam
1464 5023 1524 5070 sua
1545 5013 1651 5071 castra
1673 5005 1780 5070 locare

918 5103 1073 5187 permittit
1092 5110 1209 5187 terror,
1235 5105 1295 5170 sed
1316 5105 1430 5188 longas
1451 5105 1545 5189 pellit
1566 5104 1609 5170 ad
1630 5124 1703 5171 oras

775 5228 822 5268 oro
919 5205 1081 5289 Massylas
1103 5211 1228 5289 gentes.
1273 5206 1325 5271 bis
1347 5207 1462 5290 quinos
1483 5207 1611 5274 Africus
1632 5208 1726 5290 ignes

604 5449 653 5499 332
672 5451 735 5499 adria
755 5447 845 5507 Muza,
864 5450 930 5495 aiere
951 5446 971 5491 T
1040 5447 1176 5509 tepidoque
1194 5447 1309 5496 dubitans
1328 5447 1406 5496 Musa.
1478 5447 1529 5496 334
1546 5449 1664 5497 ducesT
1734 5448 1784 5499 336
1801 5450 1891 5498 ortiT
1960 5451 2010 5501 338
2029 5468 2042 5500 e
2062 5453 2152 5516 Muza,

532 5536 599 5585 etT
669 5535 718 5583 343
737 5532 925 5595 aotluntqneT
995 5531 1046 5579 346
1063 5539 1152 5594 potans
1171 5531 1261 5591 Mosa,
1281 5546 1316 5580 aa
1332 5538 1433 5595 portans
1449 5533 1576 5594 praeferat
1593 5534 1718 5596 ducllum,
1737 5536 1864 5597 potensT
1933 5536 1983 5586 348
2001 5550 2042 5585 ore
2062 5538 2152 5601 Muza,

532 5635 573 5668 ora
604 5622 632 5682 Τ,
661 5634 709 5681 quo
735 5622 838 5668 lectione
864 5622 961 5666 servolo
986 5632 1011 5665 o.
1032 5619 1081 5665 347
1109 5618 1171 5679 ipsis
1199 5646 1231 5653 --
1258 5619 1359 5667 herenis
1386 5619 1459 5667 scribi
1483 5633 1553 5679 posse
1580 5621 1699 5668 laudasti
1727 5619 1806 5669 Moza.
1967 5621 2016 5671 352
2045 5638 2105 5671 seue
2134 5625 2155 5669 Τ

532 5706 581 5755 362
600 5707 660 5754 baec
681 5706 701 5751 T
804 5704 882 5764 gladii
902 5702 980 5751 Musa.
1088 5715 1145 5750 nam
1164 5703 1249 5764 seen,
1269 5716 1319 5750 non
1340 5703 1360 5748 Τ
1465 5704 1515 5752 365
1533 5705 1698 5752 eadebrrntT
1802 5705 2027 5769 subnascens,
2048 5723 2112 5756 mors
2134 5708 2154 5755 Τ

532 5790 580 5841 tot
600 5793 708 5839 lnieceas
728 5790 749 5836 Τ
852 5788 902 5837 376
922 5790 993 5847 ignes
1013 5786 1104 5847 Muza,
1123 5789 1213 5847 ingens
1235 5789 1254 5834 Τ
