5030 6734
767 616 770 623 ·
893 586 1124 646 IOIIANNIDOS
1143 589 1213 646 LlB.
1232 589 1281 645 IV.
1302 591 1337 647 V.
1361 591 1432 655 (IV).

739 780 812 865 post
833 780 1004 846 Solomone
1025 780 1144 863 ferum,
1170 770 1266 864 primi
1288 786 1360 864 post
1381 779 1451 845 fata
1472 780 1641 863 Iohannis,

739 884 879 950 Antalan
902 885 1049 969 cuiquam
1071 884 1157 951 bello
1178 890 1337 969 temptare
1358 883 1488 949 licebit?

739 994 857 1054 terreat
878 1007 955 1069 ergo
977 988 1087 1072 lupum
1110 1004 1246 1072 pascens
1268 986 1303 1051 in
1324 986 1464 1053 vallibus
1486 993 1613 1070 agnus?

596 1113 644 1149 :ce
740 1098 772 1157 et
793 1091 843 1156 leo
864 1090 928 1155 iam
951 1098 1073 1157 metuat
1095 1096 1277 1175 surgentem
1300 1089 1333 1155 in
1355 1110 1475 1155 cornua
1497 1097 1647 1156 cervum?

739 1193 867 1259 vividus
889 1214 943 1259 ore
965 1192 1056 1259 canis
1078 1194 1219 1277 leporem
1242 1193 1436 1275 damamqne
1457 1201 1632 1278 pavescat?

740 1303 771 1362 et
792 1295 880 1362 ferus
903 1295 1056 1381 accipiter
1076 1296 1186 1362 mitem
1209 1296 1269 1361 sub
1292 1296 1377 1362 nube
1400 1297 1604 1363 columbam?

739 1400 879 1483 armiger
900 1399 970 1485 ipse
993 1400 1078 1465 lovis
1099 1399 1254 1483 liquidam
1277 1399 1483 1466 tremefactus
1505 1400 1539 1465 in
1562 1400 1705 1467 aethram

739 1504 874 1587 effugiat
895 1523 1066 1597 raucamve
1087 1523 1199 1588 gruem
1222 1523 1402 1587 cygnumve
1426 1511 1615 1570 canentem?

739 1606 842 1672 omnis
864 1614 896 1673 et
917 1606 1055 1672 inversis
1076 1613 1189 1692 pereat
1209 1614 1324 1673 natura
1345 1605 1480 1690 figuris?

739 1710 891 1776 Romanis
913 1711 1030 1777 totiens
1052 1710 1168 1776 itemm
1190 1730 1376 1777 concurrere
1398 1710 1492 1777 victis

739 1825 814 1881 ecce
836 1814 953 1899 placet.
1000 1832 1110 1880 rursus
1132 1813 1267 1881 redeant
1287 1821 1320 1881 et
1341 1813 1464 1899 proelia
1483 1817 1665 1899 temptent'.

825 1917 879 1983 vix
902 1937 942 1984 ea
963 1918 1107 2002 legatus:
1135 1917 1242 1984 media
1263 1917 1346 1982 inter
1367 1916 1467 1983 verba
1489 1917 1627 1983 cucurrit

739 2041 858 2107 perque
881 2020 980 2086 duces
1002 2021 1125 2086 varium
1147 2040 1267 2105 perque
1289 2020 1420 2104 agmina
1442 2019 1569 2086 fervida
1590 2041 1747 2106 murmur,

631 2170 636 2181 ·
739 2125 864 2191 turbine
887 2144 947 2189 ceu
968 2123 1095 2205 valido,
1121 2123 1224 2208 prima
1245 2130 1397 2207 surgente
1419 2125 1577 2208 procella,

739 2248 880 2311 aequora
901 2228 996 2312 pulsa
1017 2233 1149 2311 gemunt
1171 2226 1272 2312 ruptis
1294 2226 1484 2311 crepitantia
1506 2226 1602 2312 ripis,

740 2331 943 2414 congeminat
963 2338 1038 2397 tnnc
1061 2331 1148 2396 unda
1170 2350 1281 2413 sonos,
1308 2337 1340 2396 ct
1363 2331 1456 2396 litora
1478 2331 1572 2415 lapsu

740 2441 854 2501 cuncta
876 2435 1031 2515 fremunt,
1058 2434 1231 2516 crebroque
1254 2434 1409 2500 resultant
1430 2453 1547 2519 aspera
1569 2433 1678 2501 fluctu.

739 2539 876 2623 imperat
897 2544 1004 2604 erecta
1026 2544 1173 2619 motaque
1196 2536 1326 2602 silentia
1347 2536 1460 2602 dextra

741 2641 862 2707 ductor.
910 2641 1090 2707 conticuere
1113 2640 1184 2723 citi,
1210 2640 1388 2722 intentique
1411 2639 1598 2723 magistrum

741 2765 915 2830 suspexere
938 2744 1009 2810 viri.
1056 2744 1156 2810 facies
1177 2751 1252 2809 tunc
1275 2742 1379 2808 omnis
1400 2743 1434 2809 in
1455 2743 1548 2808 illum

740 2839 893 2932 mensque
916 2848 988 2914 coit.
1036 2847 1208 2932 cupidique
1229 2847 1341 2912 volunt
1361 2846 1473 2913 audire
1495 2846 1634 2913 iubentis

739 2952 919 3018 consilium.
965 2957 1130 3037 apponunt
1150 2970 1264 3016 sensns
1287 2969 1444 3033 auresque
1466 2950 1613 3033 loquelis.

740 3056 882 3121 hortatur
902 3054 1032 3140 placida
1053 3061 1157 3120 rector
1177 3060 1259 3120 tunc.
1275 3074 1353 3120 voce
1376 3054 1520 3120 cohortes

740 3159 908 3241 attonitas,
934 3157 1112 3240 avidaeque
1134 3176 1265 3223 movens
1287 3157 1320 3222 in
1342 3157 1465 3242 proelia
1486 3163 1609 3224 mentes

738 3263 859 3329 talibus
880 3262 1022 3328 incendit
1043 3260 1138 3327 dietis
1161 3267 1194 3327 et
1215 3260 1320 3327 firmat
1340 3260 1375 3326 in
1396 3261 1515 3327 hostes.

743 3365 930 3449 ‘Romanis,
957 3364 1052 3448 socii,
1077 3363 1177 3430 crevit
1198 3364 1246 3430 sio
1266 3364 1370 3449 gloria
1395 3364 1507 3446 rebus,

537 3490 539 3497 ·
571 3488 575 3502 ¹
612 3454 631 3511 '-
739 3490 854 3552 resque
876 3456 973 3554 super
993 3474 1092 3534 toturn
1115 3467 1262 3552 regnavit
1283 3467 1413 3552 publica
1437 3466 1610 3551 mundum,

740 3574 816 3640 dum
838 3580 967 3657 gentes,
994 3571 1070 3638 dum
1091 3572 1180 3638 bella
1202 3571 1319 3638 domat.
1366 3592 1430 3637 non
1451 3591 1542 3637 arma
1562 3571 1703 3639 ferentes

740 3678 903 3742 Romanus
925 3675 1031 3742 timuit
1051 3676 1203 3760 populos,
1229 3680 1286 3741 aut
1307 3674 1438 3759 agmina
1459 3673 1570 3759 miles,

740 3786 860 3863 quanta
881 3779 1000 3861 forent,
1027 3785 1172 3845 metuens
1193 3777 1348 3844 convertit
1367 3784 1461 3861 terga
1482 3785 1670 3860 retrorsum,

739 3883 823 3948 fidus
845 3883 964 3968 quippe
986 3882 1054 3948 suis
1075 3888 1108 3948 et
1130 3882 1229 3947 multo
1250 3881 1388 3967 pervigil
1410 3887 1482 3947 astu

740 3994 773 4054 et
793 3987 908 4053 virtute
930 3992 1044 4071 potens
1067 3985 1179 4051 Martis
1201 3986 1334 4051 sufferre
1358 3984 1497 4051 labores.

741 4090 799 4156 sed
821 4090 967 4174 quotiens
990 4089 1118 4175 dimpta
1139 4087 1237 4170 fides,
1262 4108 1323 4155 nec
1343 4087 1497 4174 principis
1519 4087 1606 4153 nllus

740 4193 817 4260 vicit
838 4194 938 4258 honos
961 4199 1085 4259 mentes
1106 4193 1172 4257 iam
1194 4210 1267 4257 sese
1289 4193 1333 4258 ad
1355 4192 1443 4257 bella
1463 4199 1633 4277 parantes,

741 4297 816 4361 dum
838 4304 966 4381 raptus,
992 4295 1068 4362 dum
1091 4294 1213 4380 praeda
1233 4295 1356 4380 placet,
1383 4294 1459 4360 dum
1481 4296 1625 4380 praemia
1646 4296 1740 4363 miles

741 4400 857 4465 Martia
878 4406 984 4466 mente
1007 4399 1094 4484 cupit
1114 4398 1232 4463 nostris
1254 4397 1412 4464 contraria
1434 4398 1552 4482 signis,

740 4511 815 4570 tunc
837 4506 981 4569 Romana
1001 4522 1117 4568 manus
1139 4500 1276 4587 propriis
1298 4501 1470 4567 conterrita
1491 4501 1615 4569 dextris

740 4614 832 4691 terga
853 4605 944 4673 dedit
965 4613 1141 4689 gentesque
1164 4604 1249 4670 ieras
1271 4603 1390 4670 vicisse
1411 4605 1546 4690 putavit.

614 4734 620 4748 ·
741 4730 803 4775 uon
826 4717 934 4776 tamen
956 4710 1008 4774 his
1029 4709 1141 4792 longos
1163 4708 1266 4773 tenuit
1288 4707 1415 4774 fortuna
1437 4709 1564 4776 labores

742 4813 902 4899 perfidiis,
928 4814 987 4878 sed
1008 4812 1095 4877 laeta
1116 4811 1223 4878 ferens
1245 4811 1420 4894 meliorque
1441 4812 1562 4878 revisit.

741 4916 849 5001 diligit
869 4917 928 4982 illa
949 4935 1041 4981 suam
1062 4914 1198 4980 fatorum
1221 4934 1352 4980 munere
1375 4917 1518 4981 Romam.

741 5020 825 5087 hanc
846 5026 975 5106 propter
995 5019 1112 5084 multos
1132 5018 1271 5104 perdens
1293 5019 1421 5085 omnino
1443 5027 1594 5087 nocentes

742 5124 904 5205 contrivit,
931 5125 1089 5207 rebusque
1111 5121 1202 5188 dedit
1222 5142 1282 5188 sua
1303 5123 1424 5207 gaudia
1444 5124 1571 5190 nostris.

597 5248 645 5290 crs
743 5228 860 5315 profuit
879 5228 993 5293 insano
1014 5246 1130 5293 nomen
1152 5225 1230 5310 quid
1252 5224 1335 5292 serre
1356 5227 1486 5311 tyramd

425 5491 474 5541 384
492 5505 583 5551 agnum
606 5491 627 5538 T
739 5489 788 5539 387
807 5491 907 5537 miotem
930 5489 951 5535 Τ
1062 5486 1111 5537 388
1129 5488 1225 5550 liquide
1243 5487 1322 5537 illast.
1427 5488 1514 5537 aethra
1532 5488 1610 5539 Mors.
1717 5489 1765 5540 397
1785 5505 1874 5540 sonum
1892 5496 1919 5541 in
1936 5508 1976 5543 so-

357 5580 397 5626 nls
416 5582 428 5625 l
448 5592 482 5627 m.
502 5577 668 5625 nmtatamT
770 5576 843 5638 lapsu
862 5575 951 5636 Mau„
972 5574 1031 5623 lun
1053 5574 1074 5622 T
1189 5573 1240 5623 398
1258 5575 1399 5623 lemuntT
1502 5577 1636 5624 resultcT
1748 5574 1798 5625 399
1815 5579 1942 5639 ereptaT
2083 5639 2087 5649 ,

347 5670 455 5735 motsqn
440 5678 472 5710 ne
492 5662 634 5725 Mommsen,
659 5667 780 5727 mutaque
803 5663 824 5709 T
959 5661 1009 5709 405
1027 5661 1152 5709 monetT
1290 5660 1810 5745 lesscpermtps,ccmpcrr,stmu1
1829 5661 1920 5725 Mum
1940 5668 1977 5714 lta

356 5764 458 5811 perc
418 5751 458 5797 Hc
459 5750 505 5811 opt
525 5746 614 5811 Opere
635 5749 756 5811 mere,
776 5762 903 5810 estsuper
920 5746 1036 5795 dicisum
1051 5749 1127 5808 possit
1145 5746 1271 5809 dubitans,
1291 5746 1333 5796 sed
1351 5746 1387 5808 cf.
1407 5740 1434 5796 ire
1449 5742 1521 5796 laad.
1542 5748 1605 5797 loa
1627 5748 1724 5796 11178
1860 5749 1912 5799 409
1930 5751 1976 5800 do-

357 5835 467 5885 mantT
570 5834 620 5884 ets
639 5849 706 5883 roma
728 5836 749 5881 T
850 5833 900 5882 419
919 5847 968 5896 que
985 5832 1044 5882 cdd.
1061 5833 1138 5885 Mars.
1253 5833 1303 5883 420
1320 5834 1464 5895 laboresT‚
1485 5834 1583 5881 tenores
1600 5828 1725 5881 mallus
1795 5833 1988 5911 crepacem

357 5923 401 5971 sed
414 5922 485 5970 neta.
491 5921 677 5991 ,perfidassed
695 5921 722 5979 T,
737 5920 831 5982 perlida
816 5920 887 5968 assd
900 5934 927 5968 se
941 5918 1019 5969 Mers.
1112 5919 1248 5968 reulssttT
1339 5918 1604 5979 lttmuneremat,
1619 5919 1765 5980 numsrsT,
1780 5922 1882 5970 numine
1897 5921 1974 5971 Mass
