5030 6734
903 575 1132 635 IOHANNlDOS
1152 579 1222 635 LIB.
1243 579 1348 636 1v.v.
1371 579 1443 645 llVl.

833 768 978 836 direxere
1000 770 1099 837 acies.
1146 771 1257 837 dextro
1280 771 1363 856 regit
1384 771 1515 854 agmina
1537 792 1633 838 cornu

747 870 900 952 Gentius,
927 873 1040 940 electis
1062 875 1264 940 circumdans
1288 874 1382 959 signa
1404 875 1567 959 maniplis.

747 974 817 1061 ipse
840 976 994 1058 magister
1015 997 1133 1059 ovans,
1159 978 1287 1044 rutilato
1309 978 1428 1044 vertice
1451 978 1597 1061 fulgens,

637 1099 650 1135 s
746 1077 848 1143 fertur
870 1099 970 1162 equo,
997 1080 1165 1164 cristisque
1187 1080 1305 1146 decens
1327 1101 1467 1164 auroque
1491 1100 1640 1147 coruscus

747 1202 804 1266 per
826 1182 950 1248 medias
973 1182 1111 1249 volitans
1134 1184 1300 1250 succendit
1320 1183 1443 1268 proelia
1464 1192 1602 1265 turmas,

747 1286 969 1370 componitque
992 1288 1079 1352 acies
1101 1287 1201 1371 digna
1222 1287 1414 1353 fortissimus
1436 1295 1517 1353 arte.

831 1389 1057 1473 magnanimus
1080 1390 1170 1457 iuxta
1184 1390 1342 1487 'iuvenum
1357 1374 1567 1458 ›Putriitulus
1588 1391 1703 1475 ingens
1785 1365 1819 1419 ⁷*
1832 1366 1946 1441 lawr
1967 1416 2001 1435 ⁶¹
2024 1418 2046 1439 α
2061 1412 2081 1445 ¹:
2112 1372 2180 1437 Μ*

746 1512 836 1589 arma
857 1500 980 1575 movet,
1007 1493 1188 1578 densasque
1210 1496 1308 1560 trahit
1329 1503 1401 1580 post
1422 1494 1516 1577 signa
1538 1495 1693 1561 cohortes.

744 1582 883 1682 belliger
904 1597 974 1681 ipse
998 1598 1226 1682 superadstata
1248 1598 1374 1664 casside
1398 1600 1503 1665 celsus

746 1700 906 1783 loricaque
928 1701 1051 1765 micans
1073 1709 1106 1767 et
1127 1701 1225 1785 longa
1248 1702 1410 1787 pulchrior
1432 1703 1526 1768 hasta

745 1802 865 1869 arduus
888 1804 955 1870 ibat
976 1824 1074 1888 equo,
1103 1806 1267 1889 sociosque
1290 1826 1332 1872 ex
1355 1826 1440 1870 more
1463 1806 1613 1871 monebat

745 1926 823 1972 voce
846 1926 937 1989 suos,
964 1927 1119 1993 superans
1141 1909 1289 1992 quoniam
1314 1909 1472 1993 sapientia
1494 1909 1568 1975 forti

745 2019 872 2095 pectore
895 2031 1022 2096 semper
1042 2019 1121 2077 erat.
1168 2012 1263 2094 felix,
1290 2012 1318 2077 si
1341 2013 1409 2078 fata
1431 2011 1599 2078 dedissent

635 2132 648 2170 ⁵
745 2113 918 2198 longaevos
940 2115 973 2180 in
996 2116 1066 2181 luce
1089 2115 1176 2198 dies,
1204 2123 1346 2181 maturus
1369 2123 1404 2181 ut
1425 2116 1480 2182 ille

745 2237 825 2283 cana
847 2224 953 2284 aetate
976 2219 1069 2284 foret.
1116 2226 1267 2303 quantum
1290 2219 1443 2285 maturior
1465 2224 1566 2286 esset!

830 2322 942 2387 tertius
964 2322 1020 2387 ille
1043 2321 1152 2388 furens
1174 2331 1267 2408 rapta
1289 2323 1463 2405 Gregorius
1485 2324 1578 2389 hasta

745 2432 840 2507 atque
864 2425 927 2491 levi
950 2424 1054 2510 clipeo
1076 2433 1109 2491 et
1130 2426 1194 2491 telo
1217 2425 1364 2508 fulgebat
1386 2426 1499 2491 Iberis.

831 2528 985 2595 Geisirith
1008 2529 1092 2594 hunc
1113 2530 1205 2599 iuxta
1225 2550 1374 2595 numeros
1396 2537 1429 2595 et
1450 2529 1545 2614 signa
1566 2531 1733 2599 movebat.

744 2640 818 2697 ante
839 2632 948 2698 tubam
971 2632 1104 2718 cupiens
1127 2632 1282 2699 adversas
1306 2654 1452 2717 rumpere
1475 2633 1596 2713 fossas,

745 2735 890 2801 conscius
911 2735 981 2821 ipse
1005 2736 1064 2801 sui.
1113 2737 1235 2802 cunctis
1258 2735 1455 2820 fulgentibus
1478 2736 1575 2801 armis

744 2837 845 2904 ardua
865 2839 932 2904 tela
954 2837 1049 2921 gerit.
1095 2838 1212 2905 ferrato
1235 2859 1366 2925 corpore
1388 2846 1453 2904 toto

742 2942 812 3027 ipse
835 2942 925 3009 nitet.
972 2961 1122 3025 squamas
1144 2943 1279 3008 maculis
1302 2942 1471 3026 distinguit
1490 2942 1525 3007 in
1547 2963 1636 3009 auro.

743 3065 842 3111 aurea
863 3044 966 3111 cassis
988 3044 1072 3111 inest
1094 3045 1257 3111 commisto
1278 3044 1428 3112 flammea
1449 3046 1544 3111 ferro.

634 3167 646 3203 ⁵
743 3148 818 3214 inde
840 3149 965 3234 apicem
988 3149 1164 3232 cristasque
1186 3149 1264 3214 iuba
1286 3149 1446 3234 componit
1467 3149 1601 3232 equina.

743 3253 873 3335 cingula
894 3250 1090 3336 gemmiferis
1113 3251 1240 3335 stringit
1261 3251 1421 3336 fulgentia
1442 3252 1553 3317 bullis.

697 3362 711 3386 ⁴
742 3356 861 3440 vagina
882 3355 1011 3439 gladius
1037 3355 1123 3420 latus
1145 3363 1315 3421 exornarat
1337 3356 1469 3422 abuma.

739 3466 816 3525 tunc
838 3457 920 3525 suris
942 3478 1070 3537 ocreas,
1096 3459 1196 3524 multo
1218 3479 1299 3541 quas
1321 3458 1468 3524 vinxerat
1488 3478 1566 3524 auro

740 3562 889 3627 Parthica
910 3562 1022 3646 pellis,
1049 3561 1146 3628 habet
1167 3561 1323 3645 rubroque
1345 3561 1481 3627 includit
1502 3562 1536 3626 in
1558 3569 1643 3629 ostro

741 3665 920 3750 depingens
942 3665 1078 3748 gemmis
1101 3674 1134 3731 et
1155 3665 1257 3731 multa
1279 3664 1416 3731 callidus
1438 3672 1519 3732 arte.

740 3768 847 3834 omnia
869 3768 964 3853 signa
986 3769 1116 3854 placent
1137 3768 1312 3851 meliorque
1334 3775 1367 3834 et
1389 3767 1530 3833 maxima
1552 3767 1662 3834 uirtus.

825 3871 901 3937 inde
923 3892 981 3957 per
1003 3878 1152 3938 extensos
1175 3889 1367 3957 componens
1390 3870 1521 3954 agmina
1543 3891 1692 3956 campos,

740 3975 883 4041 consiliis
905 3974 1018 4040 melior
1040 3974 1130 4041 fortis
1151 3973 1323 4040 Marturins
1344 3975 1430 4055 ibat,

739 4084 835 4162 atque
857 4077 1028 4143 tribunicia
1049 4077 1153 4144 socios
1175 4078 1291 4143 virtute
1314 4078 1457 4161 regebat.

631 4204 644 4242 a
740 4181 983 4265 Marcianusque
1006 4188 1121 4266 potens
1144 4181 1260 4247 densos
1282 4181 1441 4265 perfertur
1462 4181 1495 4246 in
1518 4181 1643 4262 hostes,

740 4284 891 4350 misturus
913 4285 1038 4370 proprio
1061 4284 1194 4350 Barcaei
1218 4283 1384 4367 sanguinis
1407 4304 1544 4351 amnem.

738 4407 799 4453 nec
820 4409 883 4453 non
904 4388 1056 4472 egregius
1079 4389 1167 4454 clara
1189 4388 1229 4453 dc
1252 4387 1352 4472 stirpe
1375 4387 1511 4453 Senator

738 4489 839 4556 fertur
860 4511 959 4574 equo,
986 4491 1182 4575 comptisque
1204 4489 1285 4556 nitet
1307 4488 1432 4554 felicior
1453 4489 1562 4556 armis.

823 4595 882 4659 hos
906 4594 1049 4677 seqnitur
1070 4592 1170 4676 fidus,
1196 4592 1298 4658 densa
1319 4592 1459 4678 stipante
1481 4599 1627 4677 caterva,

738 4697 860 4763 Ousina
881 4697 1033 4782 Massylis
1056 4696 1218 4762 deducens
1239 4695 1371 4780 agmina
1392 4695 1504 4781 signis.

737 4801 793 4867 ille
815 4801 921 4867 animo
943 4802 1105 4866 Romanus
1128 4805 1214 4882 crat,
1239 4820 1298 4866 nec
1322 4799 1478 4883 sanguine
1500 4799 1613 4882 longe,

737 4904 878 4970 moribus
900 4911 1029 4970 ornatus
1050 4903 1206 4988 placidis,
1232 4890 1391 4987 gravitate
1414 4898 1540 4970 Latina.

735 5028 799 5073 non
820 5006 912 5072 illum
934 5007 1146 5092 aequiperans
1167 5005 1282 5072 iaculis
1304 5013 1360 5071 aut
1380 5006 1502 5073 viribus
1524 5014 1611 5072 esset

736 5111 787 5177 vel
810 5100 928 5177 Veneri
949 5109 1087 5177 dilectus
1109 5108 1203 5175 Adon
1224 5109 1277 5175 vel
1300 5108 1391 5175 fortis
1414 5110 1569 5176 Achilles.

821 5221 855 5280 at
875 5221 966 5299 parte
989 5235 1029 5279 eu
1052 5213 1133 5295 alia,
1160 5232 1256 5278 cornu
1278 5212 1422 5295 fulgente
1445 5211 1590 5293 sinistro,

734 5317 861 5384 nornine
885 5316 1025 5383 ductoris
1048 5317 1157 5382 ductor
1179 5315 1240 5380 fuit
1260 5315 1316 5380 ille
1339 5314 1500 5381 Iohannes

733 5421 797 5487 iam
820 5421 925 5487 senior
946 5420 1142 5505 grandisque
1163 5418 1266 5484 annis.
1315 5418 1366 5484 oui
1389 5418 1488 5484 cruda
1510 5427 1658 5486 senectus

734 5532 767 5591 et
788 5525 888 5591 virtus
910 5524 1060 5589 iuvenilis
1082 5529 1168 5603 erat,
1194 5543 1257 5606 qua
1279 5523 1438 5587 maximus
1459 5523 1568 5588 hostes

415 5734 465 5785 473
485 5737 581 5792 gerulos
604 5735 624 5782 Τ
734 5735 783 5784 4ῖό
803 5736 932 5796 tristisque
953 5733 973 5779 Τ
1085 5731 1135 5782 478
1153 5733 1220 5780 lustu
1242 5731 1263 5778 Τ
1373 5734 1540 5794 putnrnculus
1561 5733 1581 5779 Τ
1692 5732 1743 5782 488
1760 5739 1786 5782 et
1804 5735 1853 5782 telo
1870 5738 1964 5799 scripti,

346 5824 396 5873 telo
418 5823 439 5870 Τ
540 5823 610 5870 Ibero
629 5819 705 5871 Mosa.
810 5819 860 5869 489
879 5819 993 5880 gelalrltb
1015 5820 1050 5881 (ln
1060 5822 1170 5878 momine
1185 5818 1312 5879 gerslrlth}
1336 5818 1357 5864 Τ
1458 5818 1524 5867 iusta
1545 5817 1565 5864 Τ
1670 5818 1719 5866 505
1738 5820 1924 5882 martianumque
1947 5822 1967 5869 Τ

346 5910 396 5959 510
414 5910 502 5957 cnalna
523 5910 557 5967 lio
573 5910 684 5968 margine
701 5910 788 5961 cosma
817 5907 837 5952 Τ
939 5904 989 5954 518
1007 5905 1090 5953 hostes
1112 5905 1140 5963 Τ,
1161 5904 1241 5952 bostis
1258 5906 1315 5966 tegit
1334 5902 1410 5953 illota.

422 6010 541 6049 Conteris.
1744 6008 1756 6057 ῖ
