<?xml version="1.0" encoding="UTF-8"?>
<!DOCTYPE html PUBLIC "-//W3C//DTD XHTML 1.0 Transitional//EN"
    "http://www.w3.org/TR/xhtml1/DTD/xhtml1-transitional.dtd">
<html xmlns="http://www.w3.org/1999/xhtml" xml:lang="en" lang="en">
 <head>
  <title>
</title>
<meta http-equiv="Content-Type" content="text/html;charset=utf-8" />
  <meta name='ocr-system' content='tesseract 3.04.00' />
  <meta name='ocr-capabilities' content='ocr_page ocr_carea ocr_par ocr_line ocrx_word'/>
</head>
<body>
  <div class='ocr_page' id='page_1' title='image "./corippiafricani00partgoog_0038.png"; bbox 0 0 5042 6726; ppageno 0'>
   <div class='ocr_carea' id='block_1_1' title="bbox 1038 542 1970 611">
    <p class='ocr_par' dir='ltr' id='par_1_1' title="bbox 1038 542 1970 611">
     <span class='ocr_line' id='line_1_1' title="bbox 1038 542 1970 611; baseline 0 -13"><span class='ocrx_word' id='word_1_1' title='bbox 1038 544 1266 601; x_wconf 76' lang='lat' dir='ltr'>auocaurvra.</span> <span class='ocrx_word' id='word_1_2' title='bbox 1855 542 1970 611; x_wconf 83' lang='lat' dir='ltr'>xxxl</span> 
     </span>
    </p>
   </div>
   <div class='ocr_carea' id='block_1_2' title="bbox 339 767 2074 2169">
    <p class='ocr_par' dir='ltr' id='par_1_2' title="bbox 339 767 1972 1927">
     <span class='ocr_line' id='line_1_2' title="bbox 340 767 1969 855; baseline -0.006 -16"><span class='ocrx_word' id='word_1_3' title='bbox 340 773 470 839; x_wconf 91' lang='lat' dir='ltr'>nuntius</span> <span class='ocrx_word' id='word_1_4' title='bbox 492 770 720 855; x_wconf 79' lang='lat' dir='ltr'>Carthaginem</span> <span class='ocrx_word' id='word_1_5' title='bbox 742 769 899 855; x_wconf 88' lang='lat' dir='ltr'>pervenit,</span> <span class='ocrx_word' id='word_1_6' title='bbox 924 769 988 833; x_wconf 89' lang='lat' dir='ltr'>iam</span> <span class='ocrx_word' id='word_1_7' title='bbox 1011 767 1242 852; x_wconf 82' lang='lat' dir='ltr'>Tripolitanum</span> <span class='ocrx_word' id='word_1_8' title='bbox 1265 787 1323 852; x_wconf 92' lang='lat' dir='ltr'>per</span> <span class='ocrx_word' id='word_1_9' title='bbox 1344 768 1538 853; x_wconf 90' lang='lat' dir='ltr'>provinciam</span> <span class='ocrx_word' id='word_1_10' title='bbox 1562 767 1666 833; x_wconf 92' lang='lat' dir='ltr'>Mauri</span> <span class='ocrx_word' id='word_1_11' title='bbox 1687 768 1888 851; x_wconf 89' lang='lat' dir='ltr'>vagabantur</span> <span class='ocrx_word' id='word_1_12' title='bbox 1903 767 1969 852; x_wconf 91' lang='lat' dir='ltr'>By-</span> 
     </span>
     <span class='ocr_line' id='line_1_3' title="bbox 342 884 1971 976; baseline -0.004 -18"><span class='ocrx_word' id='word_1_13' title='bbox 342 892 486 976; x_wconf 90' lang='lat' dir='ltr'>zaciique</span> <span class='ocrx_word' id='word_1_14' title='bbox 509 891 625 957; x_wconf 86' lang='lat' dir='ltr'>linibus</span> <span class='ocrx_word' id='word_1_15' title='bbox 647 889 955 975; x_wconf 82' lang='lat' dir='ltr'>appropinquabant.</span> <span class='ocrx_word' id='word_1_16' title='bbox 1002 888 1090 967; x_wconf 75' lang='lat' dir='ltr'>Quos</span> <span class='ocrx_word' id='word_1_17' title='bbox 1119 907 1191 952; x_wconf 89' lang='lat' dir='ltr'>eum</span> <span class='ocrx_word' id='word_1_18' title='bbox 1221 887 1275 952; x_wconf 86' lang='lat' dir='ltr'>vix</span> <span class='ocrx_word' id='word_1_19' title='bbox 1301 887 1500 970; x_wconf 79' lang='lat' dir='ltr'>attigissent,</span> <span class='ocrx_word' id='word_1_20' title='bbox 1533 884 1686 953; x_wconf 82' lang='lat' dir='ltr'>Iohannis</span> <span class='ocrx_word' id='word_1_21' title='bbox 1708 886 1850 952; x_wconf 89' lang='lat' dir='ltr'>adventu</span> <span class='ocrx_word' id='word_1_22' title='bbox 1873 885 1971 952; x_wconf 90' lang='lat' dir='ltr'>celeri</span> 
     </span>
     <span class='ocr_line' id='line_1_4' title="bbox 340 1005 1971 1091; baseline -0.005 -13"><span class='ocrx_word' id='word_1_23' title='bbox 340 1011 442 1078; x_wconf 90' lang='lat' dir='ltr'>territi</span> <span class='ocrx_word' id='word_1_24' title='bbox 465 1031 593 1076; x_wconf 88' lang='lat' dir='ltr'>cursum</span> <span class='ocrx_word' id='word_1_25' title='bbox 615 1016 779 1075; x_wconf 83' lang='lat' dir='ltr'>verterunt</span> <span class='ocrx_word' id='word_1_26' title='bbox 800 1015 833 1074; x_wconf 93' lang='lat' dir='ltr'>et</span> <span class='ocrx_word' id='word_1_27' title='bbox 854 1008 887 1073; x_wconf 93' lang='lat' dir='ltr'>in</span> <span class='ocrx_word' id='word_1_28' title='bbox 910 1006 1038 1074; x_wconf 89' lang='lat' dir='ltr'>deserta</span> <span class='ocrx_word' id='word_1_29' title='bbox 1060 1007 1199 1091; x_wconf 79' lang='lat' dir='ltr'>regressi</span> <span class='ocrx_word' id='word_1_30' title='bbox 1222 1008 1371 1089; x_wconf 76' lang='lat' dir='ltr'>sunt¹⁶⁸l.</span> <span class='ocrx_word' id='word_1_31' title='bbox 1418 1007 1577 1073; x_wconf 89' lang='lat' dir='ltr'>Iohannes</span> <span class='ocrx_word' id='word_1_32' title='bbox 1599 1005 1677 1071; x_wconf 90' lang='lat' dir='ltr'>belli</span> <span class='ocrx_word' id='word_1_33' title='bbox 1700 1005 1890 1072; x_wconf 84' lang='lat' dir='ltr'>conficiendi</span> <span class='ocrx_word' id='word_1_34' title='bbox 1913 1025 1971 1071; x_wconf 91' lang='lat' dir='ltr'>cu-</span> 
     </span>
     <span class='ocr_line' id='line_1_5' title="bbox 339 1125 1971 1216; baseline -0.004 -20"><span class='ocrx_word' id='word_1_35' title='bbox 339 1130 528 1216; x_wconf 86' lang='lat' dir='ltr'>pidissimus</span> <span class='ocrx_word' id='word_1_36' title='bbox 550 1130 674 1195; x_wconf 85' lang='lat' dir='ltr'>hostem</span> <span class='ocrx_word' id='word_1_37' title='bbox 696 1129 730 1192; x_wconf 92' lang='lat' dir='ltr'>in</span> <span class='ocrx_word' id='word_1_38' title='bbox 754 1127 882 1193; x_wconf 88' lang='lat' dir='ltr'>deserta</span> <span class='ocrx_word' id='word_1_39' title='bbox 903 1134 1107 1211; x_wconf 89' lang='lat' dir='ltr'>persecutus,</span> <span class='ocrx_word' id='word_1_40' title='bbox 1141 1127 1200 1193; x_wconf 92' lang='lat' dir='ltr'>sed</span> <span class='ocrx_word' id='word_1_41' title='bbox 1221 1134 1294 1212; x_wconf 92' lang='lat' dir='ltr'>post</span> <span class='ocrx_word' id='word_1_42' title='bbox 1315 1126 1440 1192; x_wconf 89' lang='lat' dir='ltr'>dierum</span> <span class='ocrx_word' id='word_1_43' title='bbox 1462 1145 1635 1211; x_wconf 88' lang='lat' dir='ltr'>paucorum</span> <span class='ocrx_word' id='word_1_44' title='bbox 1657 1125 1718 1192; x_wconf 93' lang='lat' dir='ltr'>iter</span> <span class='ocrx_word' id='word_1_45' title='bbox 1738 1125 1861 1191; x_wconf 81' lang='lat' dir='ltr'>irritum</span> <span class='ocrx_word' id='word_1_46' title='bbox 1883 1125 1971 1191; x_wconf 92' lang='lat' dir='ltr'>mili-</span> 
     </span>
     <span class='ocr_line' id='line_1_6' title="bbox 339 1244 1970 1332; baseline -0.003 -17"><span class='ocrx_word' id='word_1_47' title='bbox 339 1257 407 1315; x_wconf 91' lang='lat' dir='ltr'>tum</span> <span class='ocrx_word' id='word_1_48' title='bbox 429 1249 602 1327; x_wconf 88' lang='lat' dir='ltr'>seditione,</span> <span class='ocrx_word' id='word_1_49' title='bbox 635 1248 690 1332; x_wconf 92' lang='lat' dir='ltr'>qui</span> <span class='ocrx_word' id='word_1_50' title='bbox 721 1247 847 1312; x_wconf 90' lang='lat' dir='ltr'>labores</span> <span class='ocrx_word' id='word_1_51' title='bbox 870 1244 1085 1330; x_wconf 85' lang='lat' dir='ltr'>expeditionis</span> <span class='ocrx_word' id='word_1_52' title='bbox 1108 1266 1165 1330; x_wconf 91' lang='lat' dir='ltr'>per</span> <span class='ocrx_word' id='word_1_53' title='bbox 1192 1247 1341 1330; x_wconf 84' lang='lat' dir='ltr'>regiones</span> <span class='ocrx_word' id='word_1_54' title='bbox 1364 1245 1506 1325; x_wconf 85' lang='lat' dir='ltr'>calidas,</span> <span class='ocrx_word' id='word_1_55' title='bbox 1539 1266 1624 1329; x_wconf 91' lang='lat' dir='ltr'>aqua</span> <span class='ocrx_word' id='word_1_56' title='bbox 1646 1253 1809 1327; x_wconf 79' lang='lat' dir='ltr'>carentes,</span> <span class='ocrx_word' id='word_1_57' title='bbox 1843 1245 1970 1311; x_wconf 86' lang='lat' dir='ltr'>steriles</span> 
     </span>
     <span class='ocr_line' id='line_1_7' title="bbox 340 1365 1972 1453; baseline -0.004 -18"><span class='ocrx_word' id='word_1_58' title='bbox 340 1389 439 1453; x_wconf 85' lang='lat' dir='ltr'>aegre</span> <span class='ocrx_word' id='word_1_59' title='bbox 472 1368 634 1448; x_wconf 76' lang='lat' dir='ltr'>fereBant,</span> <span class='ocrx_word' id='word_1_60' title='bbox 670 1367 765 1432; x_wconf 90' lang='lat' dir='ltr'>litora</span> <span class='ocrx_word' id='word_1_61' title='bbox 792 1373 938 1452; x_wconf 90' lang='lat' dir='ltr'>repetere</span> <span class='ocrx_word' id='word_1_62' title='bbox 967 1372 1096 1431; x_wconf 92' lang='lat' dir='ltr'>coactus</span> <span class='ocrx_word' id='word_1_63' title='bbox 1124 1368 1247 1449; x_wconf 72' lang='lat' dir='ltr'>est¹⁶⁹).</span> <span class='ocrx_word' id='word_1_64' title='bbox 1294 1365 1357 1430; x_wconf 85' lang='lat' dir='ltr'>Vix</span> <span class='ocrx_word' id='word_1_65' title='bbox 1386 1386 1474 1431; x_wconf 91' lang='lat' dir='ltr'>oram</span> <span class='ocrx_word' id='word_1_66' title='bbox 1496 1365 1657 1431; x_wconf 77' lang='lat' dir='ltr'>Autricum</span> <span class='ocrx_word' id='word_1_67' title='bbox 1686 1365 1720 1431; x_wconf 91' lang='lat' dir='ltr'>in</span> <span class='ocrx_word' id='word_1_68' title='bbox 1748 1365 1865 1431; x_wconf 86' lang='lat' dir='ltr'>tinibus</span> <span class='ocrx_word' id='word_1_69' title='bbox 1894 1365 1972 1430; x_wconf 81' lang='lat' dir='ltr'>atti·</span> 
     </span>
     <span class='ocr_line' id='line_1_8' title="bbox 339 1484 1970 1572; baseline -0.004 -18"><span class='ocrx_word' id='word_1_70' title='bbox 339 1494 447 1572; x_wconf 85' lang='lat' dir='ltr'>gerat,</span> <span class='ocrx_word' id='word_1_71' title='bbox 484 1507 556 1552; x_wconf 87' lang='lat' dir='ltr'>cam</span> <span class='ocrx_word' id='word_1_72' title='bbox 584 1487 694 1552; x_wconf 88' lang='lat' dir='ltr'>hostes</span> <span class='ocrx_word' id='word_1_73' title='bbox 714 1485 849 1570; x_wconf 88' lang='lat' dir='ltr'>perinde</span> <span class='ocrx_word' id='word_1_74' title='bbox 871 1485 994 1551; x_wconf 89' lang='lat' dir='ltr'>reversi</span> <span class='ocrx_word' id='word_1_75' title='bbox 1016 1505 1152 1568; x_wconf 89' lang='lat' dir='ltr'>eumque</span> <span class='ocrx_word' id='word_1_76' title='bbox 1174 1485 1314 1551; x_wconf 78' lang='lat' dir='ltr'>assecuti</span> <span class='ocrx_word' id='word_1_77' title='bbox 1338 1492 1423 1550; x_wconf 93' lang='lat' dir='ltr'>sunt.</span> <span class='ocrx_word' id='word_1_78' title='bbox 1469 1485 1594 1551; x_wconf 91' lang='lat' dir='ltr'>Proelio</span> <span class='ocrx_word' id='word_1_79' title='bbox 1615 1485 1822 1552; x_wconf 89' lang='lat' dir='ltr'>tumultuario</span> <span class='ocrx_word' id='word_1_80' title='bbox 1844 1484 1887 1549; x_wconf 91' lang='lat' dir='ltr'>ad</span> <span class='ocrx_word' id='word_1_81' title='bbox 1909 1484 1970 1549; x_wconf 89' lang='lat' dir='ltr'>rivi</span> 
     </span>
     <span class='ocr_line' id='line_1_9' title="bbox 341 1602 1970 1691; baseline -0.002 -19"><span class='ocrx_word' id='word_1_82' title='bbox 341 1604 509 1673; x_wconf 91' lang='lat' dir='ltr'>cuiusdam</span> <span class='ocrx_word' id='word_1_83' title='bbox 530 1606 620 1691; x_wconf 90' lang='lat' dir='ltr'>ripas</span> <span class='ocrx_word' id='word_1_84' title='bbox 642 1612 752 1671; x_wconf 85' lang='lat' dir='ltr'>exorto</span> <span class='ocrx_word' id='word_1_85' title='bbox 773 1605 910 1691; x_wconf 91' lang='lat' dir='ltr'>primurn</span> <span class='ocrx_word' id='word_1_86' title='bbox 933 1605 1037 1669; x_wconf 83' lang='lat' dir='ltr'>Mauri</span> <span class='ocrx_word' id='word_1_87' title='bbox 1059 1604 1199 1670; x_wconf 84' lang='lat' dir='ltr'>Ousinae</span> <span class='ocrx_word' id='word_1_88' title='bbox 1221 1611 1390 1689; x_wconf 89' lang='lat' dir='ltr'>parentes,</span> <span class='ocrx_word' id='word_1_89' title='bbox 1421 1603 1539 1670; x_wconf 91' lang='lat' dir='ltr'>deinde</span> <span class='ocrx_word' id='word_1_90' title='bbox 1561 1602 1697 1669; x_wconf 86' lang='lat' dir='ltr'>Romani</span> <span class='ocrx_word' id='word_1_91' title='bbox 1717 1603 1781 1690; x_wconf 89' lang='lat' dir='ltr'>ipsi</span> <span class='ocrx_word' id='word_1_92' title='bbox 1803 1603 1837 1669; x_wconf 92' lang='lat' dir='ltr'>in</span> <span class='ocrx_word' id='word_1_93' title='bbox 1859 1603 1970 1688; x_wconf 84' lang='lat' dir='ltr'>fugam</span> 
     </span>
     <span class='ocr_line' id='line_1_10' title="bbox 341 1723 1972 1810; baseline -0.002 -18"><span class='ocrx_word' id='word_1_94' title='bbox 341 1726 476 1791; x_wconf 91' lang='lat' dir='ltr'>coniecti</span> <span class='ocrx_word' id='word_1_95' title='bbox 499 1733 531 1791; x_wconf 92' lang='lat' dir='ltr'>et</span> <span class='ocrx_word' id='word_1_96' title='bbox 552 1724 701 1810; x_wconf 90' lang='lat' dir='ltr'>dissipati</span> <span class='ocrx_word' id='word_1_97' title='bbox 723 1730 808 1790; x_wconf 89' lang='lat' dir='ltr'>sunt.</span> <span class='ocrx_word' id='word_1_98' title='bbox 856 1724 937 1789; x_wconf 79' lang='lat' dir='ltr'>Cum</span> <span class='ocrx_word' id='word_1_99' title='bbox 959 1723 1096 1789; x_wconf 91' lang='lat' dir='ltr'>militum</span> <span class='ocrx_word' id='word_1_100' title='bbox 1119 1743 1195 1808; x_wconf 90' lang='lat' dir='ltr'>pars</span> <span class='ocrx_word' id='word_1_101' title='bbox 1218 1744 1336 1807; x_wconf 90' lang='lat' dir='ltr'>magna</span> <span class='ocrx_word' id='word_1_102' title='bbox 1357 1723 1469 1808; x_wconf 91' lang='lat' dir='ltr'>periit,</span> <span class='ocrx_word' id='word_1_103' title='bbox 1504 1730 1571 1789; x_wconf 91' lang='lat' dir='ltr'>tum</span> <span class='ocrx_word' id='word_1_104' title='bbox 1602 1743 1621 1789; x_wconf 92' lang='lat' dir='ltr'>e</span> <span class='ocrx_word' id='word_1_105' title='bbox 1651 1723 1787 1789; x_wconf 89' lang='lat' dir='ltr'>dueihus</span> <span class='ocrx_word' id='word_1_106' title='bbox 1814 1742 1897 1789; x_wconf 85' lang='lat' dir='ltr'>unus</span> <span class='ocrx_word' id='word_1_107' title='bbox 1919 1724 1972 1789; x_wconf 94' lang='lat' dir='ltr'>Io-</span> 
     </span>
     <span class='ocr_line' id='line_1_11' title="bbox 340 1843 1428 1927; baseline -0.003 -17"><span class='ocrx_word' id='word_1_108' title='bbox 340 1846 464 1910; x_wconf 90' lang='lat' dir='ltr'>hannes</span> <span class='ocrx_word' id='word_1_109' title='bbox 486 1845 595 1911; x_wconf 90' lang='lat' dir='ltr'>senior</span> <span class='ocrx_word' id='word_1_110' title='bbox 615 1844 657 1910; x_wconf 93' lang='lat' dir='ltr'>ah</span> <span class='ocrx_word' id='word_1_111' title='bbox 679 1843 825 1909; x_wconf 88' lang='lat' dir='ltr'>hostibus</span> <span class='ocrx_word' id='word_1_112' title='bbox 847 1843 1082 1908; x_wconf 90' lang='lat' dir='ltr'>circumventus</span> <span class='ocrx_word' id='word_1_113' title='bbox 1105 1861 1284 1927; x_wconf 87' lang='lat' dir='ltr'>caesusque</span> <span class='ocrx_word' id='word_1_114' title='bbox 1306 1846 1428 1927; x_wconf 67' lang='lat' dir='ltr'>est&#39;lll.</span> 
     </span>
    </p>

    <p class='ocr_par' dir='ltr' id='par_1_3' title="bbox 340 1961 2074 2169">
     <span class='ocr_line' id='line_1_12' title="bbox 426 1961 2074 2048; baseline -0.002 -18"><span class='ocrx_word' id='word_1_115' title='bbox 426 1965 496 2030; x_wconf 93' lang='lat' dir='ltr'>Iam</span> <span class='ocrx_word' id='word_1_116' title='bbox 517 1965 614 2030; x_wconf 84' lang='lat' dir='ltr'>rebus</span> <span class='ocrx_word' id='word_1_117' title='bbox 635 1963 716 2048; x_wconf 91' lang='lat' dir='ltr'>ipsis</span> <span class='ocrx_word' id='word_1_118' title='bbox 737 1963 928 2028; x_wconf 89' lang='lat' dir='ltr'>brevissime</span> <span class='ocrx_word' id='word_1_119' title='bbox 949 1961 1079 2044; x_wconf 89' lang='lat' dir='ltr'>relatis,</span> <span class='ocrx_word' id='word_1_120' title='bbox 1106 1962 1222 2046; x_wconf 89' lang='lat' dir='ltr'>quihus</span> <span class='ocrx_word' id='word_1_121' title='bbox 1244 1981 1393 2045; x_wconf 86' lang='lat' dir='ltr'>quaeque</span> <span class='ocrx_word' id='word_1_122' title='bbox 1415 1961 1493 2026; x_wconf 92' lang='lat' dir='ltr'>loeis</span> <span class='ocrx_word' id='word_1_123' title='bbox 1516 1969 1628 2046; x_wconf 88' lang='lat' dir='ltr'>gestae</span> <span class='ocrx_word' id='word_1_124' title='bbox 1651 1962 1730 2044; x_wconf 83' lang='lat' dir='ltr'>siut,</span> <span class='ocrx_word' id='word_1_125' title='bbox 1764 1963 1969 2047; x_wconf 87' lang='lat' dir='ltr'>indagemus.</span> <span class='ocrx_word' id='word_1_126' title='bbox 2069 2034 2074 2044; x_wconf 66' lang='lat'>.</span> 
     </span>
     <span class='ocr_line' id='line_1_13' title="bbox 340 2081 990 2169; baseline -0.005 -20"><span class='ocrx_word' id='word_1_127' title='bbox 340 2084 473 2169; x_wconf 90' lang='lat' dir='ltr'>Byzacii</span> <span class='ocrx_word' id='word_1_128' title='bbox 495 2104 516 2148; x_wconf 92' lang='lat' dir='ltr'>a</span> <span class='ocrx_word' id='word_1_129' title='bbox 538 2083 655 2149; x_wconf 88' lang='lat' dir='ltr'>finibus</span> <span class='ocrx_word' id='word_1_130' title='bbox 676 2081 864 2147; x_wconf 90' lang='lat' dir='ltr'>recedentes</span> <span class='ocrx_word' id='word_1_131' title='bbox 886 2081 990 2146; x_wconf 87' lang='lat' dir='ltr'>Mauri</span> 
     </span>
    </p>
   </div>
   <div class='ocr_carea' id='block_1_3' title="bbox 701 2199 1600 2487">
    <p class='ocr_par' dir='ltr' id='par_1_4' title="bbox 701 2199 1600 2487">
     <span class='ocr_line' id='line_1_14' title="bbox 1116 2199 1561 2283; baseline 0 -18"><span class='ocrx_word' id='word_1_132' title='bbox 1116 2200 1220 2265; x_wconf 86' lang='lat' dir='ltr'>siccas</span> <span class='ocrx_word' id='word_1_133' title='bbox 1243 2219 1394 2283; x_wconf 90' lang='lat' dir='ltr'>superare</span> <span class='ocrx_word' id='word_1_134' title='bbox 1417 2199 1561 2265; x_wconf 83' lang='lat' dir='ltr'>Gadaias</span> 
     </span>
     <span class='ocr_line' id='line_1_15' title="bbox 702 2301 1600 2385; baseline -0.003 -16"><span class='ocrx_word' id='word_1_135' title='bbox 702 2323 762 2369; x_wconf 93' lang='lat' dir='ltr'>nec</span> <span class='ocrx_word' id='word_1_136' title='bbox 784 2302 932 2368; x_wconf 88' lang='lat' dir='ltr'>dubitant</span> <span class='ocrx_word' id='word_1_137' title='bbox 952 2302 1124 2385; x_wconf 89' lang='lat' dir='ltr'>tristesque</span> <span class='ocrx_word' id='word_1_138' title='bbox 1147 2303 1251 2382; x_wconf 91' lang='lat' dir='ltr'>locos,</span> <span class='ocrx_word' id='word_1_139' title='bbox 1278 2302 1479 2384; x_wconf 85' lang='lat' dir='ltr'>quianullus</span> <span class='ocrx_word' id='word_1_140' title='bbox 1502 2301 1600 2367; x_wconf 88' lang='lat' dir='ltr'>eundi</span> 
     </span>
     <span class='ocr_line' id='line_1_16' title="bbox 701 2404 1045 2487; baseline 0.006 -18"><span class='ocrx_word' id='word_1_141' title='bbox 701 2404 896 2487; x_wconf 90' lang='lat' dir='ltr'>vivendique</span> <span class='ocrx_word' id='word_1_142' title='bbox 919 2404 1045 2471; x_wconf 90' lang='lat' dir='ltr'>modus.</span> 
     </span>
    </p>
   </div>
   <div class='ocr_carea' id='block_1_4' title="bbox 339 2523 2033 5119">
    <p class='ocr_par' dir='ltr' id='par_1_5' title="bbox 339 2523 1991 4642">
     <span class='ocr_line' id='line_1_17' title="bbox 341 2523 1973 2607; baseline 0 -16"><span class='ocrx_word' id='word_1_143' title='bbox 341 2525 489 2591; x_wconf 84' lang='lat' dir='ltr'>Gadaiae</span> <span class='ocrx_word' id='word_1_144' title='bbox 510 2525 567 2589; x_wconf 91' lang='lat' dir='ltr'>uhi</span> <span class='ocrx_word' id='word_1_145' title='bbox 589 2524 717 2603; x_wconf 86' lang='lat' dir='ltr'>fuerint,</span> <span class='ocrx_word' id='word_1_146' title='bbox 743 2523 862 2589; x_wconf 87' lang='lat' dir='ltr'>frustra</span> <span class='ocrx_word' id='word_1_147' title='bbox 883 2523 991 2589; x_wconf 92' lang='lat' dir='ltr'>adhuc</span> <span class='ocrx_word' id='word_1_148' title='bbox 1013 2524 1194 2607; x_wconf 89' lang='lat' dir='ltr'>quaesitam</span> <span class='ocrx_word' id='word_1_149' title='bbox 1217 2533 1277 2590; x_wconf 90' lang='lat' dir='ltr'>est.</span> <span class='ocrx_word' id='word_1_150' title='bbox 1317 2523 1588 2590; x_wconf 86' lang='lat' dir='ltr'>Mazzucchellius</span> <span class='ocrx_word' id='word_1_151' title='bbox 1611 2524 1652 2590; x_wconf 88' lang='lat' dir='ltr'>de</span> <span class='ocrx_word' id='word_1_152' title='bbox 1668 2524 1883 2591; x_wconf 82' lang='lat' dir='ltr'>Gadabitanis</span> <span class='ocrx_word' id='word_1_153' title='bbox 1898 2526 1973 2591; x_wconf 91' lang='lat' dir='ltr'>bar-</span> 
     </span>
     <span class='ocr_line' id='line_1_18' title="bbox 341 2642 1973 2728; baseline -0.001 -18"><span class='ocrx_word' id='word_1_154' title='bbox 341 2644 429 2710; x_wconf 91' lang='lat' dir='ltr'>baris</span> <span class='ocrx_word' id='word_1_155' title='bbox 452 2643 672 2728; x_wconf 88' lang='lat' dir='ltr'>Tripolitanae</span> <span class='ocrx_word' id='word_1_156' title='bbox 694 2642 877 2727; x_wconf 89' lang='lat' dir='ltr'>provinciae</span> <span class='ocrx_word' id='word_1_157' title='bbox 900 2642 1054 2725; x_wconf 87' lang='lat' dir='ltr'>finitimis,</span> <span class='ocrx_word' id='word_1_158' title='bbox 1080 2664 1160 2727; x_wconf 90' lang='lat' dir='ltr'>quos</span> <span class='ocrx_word' id='word_1_159' title='bbox 1182 2644 1355 2728; x_wconf 80' lang='lat' dir='ltr'>Procopius</span> <span class='ocrx_word' id='word_1_160' title='bbox 1378 2652 1542 2725; x_wconf 90' lang='lat' dir='ltr'>memorat,</span> <span class='ocrx_word' id='word_1_161' title='bbox 1568 2644 1732 2728; x_wconf 86' lang='lat' dir='ltr'>cogitavit.</span> <span class='ocrx_word' id='word_1_162' title='bbox 1779 2644 1845 2710; x_wconf 82' lang='lat' dir='ltr'>Sed</span> <span class='ocrx_word' id='word_1_163' title='bbox 1866 2645 1973 2728; x_wconf 90' lang='lat' dir='ltr'>gentis</span> 
     </span>
     <span class='ocr_line' id='line_1_19' title="bbox 341 2761 1974 2848; baseline 0 -20"><span class='ocrx_word' id='word_1_164' title='bbox 341 2763 437 2829; x_wconf 86' lang='lat' dir='ltr'>huius</span> <span class='ocrx_word' id='word_1_165' title='bbox 459 2763 564 2848; x_wconf 90' lang='lat' dir='ltr'>patria</span> <span class='ocrx_word' id='word_1_166' title='bbox 586 2782 606 2827; x_wconf 89' lang='lat' dir='ltr'>a</span> <span class='ocrx_word' id='word_1_167' title='bbox 628 2763 767 2846; x_wconf 83' lang='lat' dir='ltr'>Corippo</span> <span class='ocrx_word' id='word_1_168' title='bbox 789 2762 860 2847; x_wconf 92' lang='lat' dir='ltr'>ipso</span> <span class='ocrx_word' id='word_1_169' title='bbox 888 2761 966 2845; x_wconf 84' lang='lat' dir='ltr'>(ioh.</span> <span class='ocrx_word' id='word_1_170' title='bbox 984 2763 1017 2826; x_wconf 92' lang='grc' dir='ltr'><strong>Π</strong></span> <span class='ocrx_word' id='word_1_171' title='bbox 1035 2766 1106 2845; x_wconf 88' lang='grc'>117)</span> <span class='ocrx_word' id='word_1_172' title='bbox 1133 2784 1198 2829; x_wconf 93' lang='lat' dir='ltr'>non</span> <span class='ocrx_word' id='word_1_173' title='bbox 1221 2763 1378 2846; x_wconf 79' lang='lat' dir='ltr'>Gadaiae,</span> <span class='ocrx_word' id='word_1_174' title='bbox 1405 2763 1464 2830; x_wconf 90' lang='lat' dir='ltr'>sed</span> <span class='ocrx_word' id='word_1_175' title='bbox 1480 2763 1626 2830; x_wconf 78' lang='lat' dir='ltr'>Gadirhis</span> <span class='ocrx_word' id='word_1_176' title='bbox 1649 2773 1791 2831; x_wconf 89' lang='lat' dir='ltr'>vocatur.</span> <span class='ocrx_word' id='word_1_177' title='bbox 1830 2764 1974 2830; x_wconf 83' lang='lat' dir='ltr'>Tauxier</span> 
     </span>
     <span class='ocr_line' id='line_1_20' title="bbox 340 2881 1972 2979; baseline 0.001 -31"><span class='ocrx_word' id='word_1_178' title='bbox 340 2882 495 2969; x_wconf 89' lang='lat' dir='ltr'>oppidum</span> <span class='ocrx_word' id='word_1_179' title='bbox 530 2881 619 2948; x_wconf 83' lang='lat' dir='ltr'>Ghat</span> <span class='ocrx_word' id='word_1_180' title='bbox 655 2884 722 2963; x_wconf 76' lang='lat'>(28⁰</span> <span class='ocrx_word' id='word_1_181' title='bbox 744 2881 832 2965; x_wconf 87' lang='lat' dir='ltr'>long.</span> <span class='ocrx_word' id='word_1_182' title='bbox 858 2902 904 2946; x_wconf 90' lang='lat' dir='ltr'>or.</span> <span class='ocrx_word' id='word_1_183' title='bbox 941 2885 998 2946; x_wconf 76' lang='lat'>25⁰</span> <span class='ocrx_word' id='word_1_184' title='bbox 1020 2883 1076 2947; x_wconf 92' lang='lat' dir='ltr'>lat.</span> <span class='ocrx_word' id='word_1_185' title='bbox 1109 2885 1203 2968; x_wconf 85' lang='lat' dir='ltr'>sept.)</span> <span class='ocrx_word' id='word_1_186' title='bbox 1242 2904 1262 2948; x_wconf 92' lang='lat' dir='ltr'>a</span> <span class='ocrx_word' id='word_1_187' title='bbox 1295 2882 1457 2948; x_wconf 87' lang='lat' dir='ltr'>veteribus</span> <span class='ocrx_word' id='word_1_188' title='bbox 1483 2882 1635 2949; x_wconf 79' lang='lat' dir='ltr'>Gadaias</span> <span class='ocrx_word' id='word_1_189' title='bbox 1667 2885 1865 2979; x_wconf 85' lang='lat' dir='ltr'>appellatum</span> <span class='ocrx_word' id='word_1_190' title='bbox 1899 2903 1972 2950; x_wconf 92' lang='lat' dir='ltr'>esse</span> 
     </span>
     <span class='ocr_line' id='line_1_21' title="bbox 341 2999 1972 3088; baseline 0.002 -22"><span class='ocrx_word' id='word_1_191' title='bbox 341 3002 597 3086; x_wconf 76' lang='lat' dir='ltr'>suspicatur¹⁷¹l.</span> <span class='ocrx_word' id='word_1_192' title='bbox 644 2999 716 3079; x_wconf 78' lang='lat' dir='ltr'>Qua</span> <span class='ocrx_word' id='word_1_193' title='bbox 738 3000 922 3067; x_wconf 90' lang='lat' dir='ltr'>coniectura</span> <span class='ocrx_word' id='word_1_194' title='bbox 943 3022 984 3068; x_wconf 92' lang='lat' dir='ltr'>ne</span> <span class='ocrx_word' id='word_1_195' title='bbox 1007 3002 1080 3083; x_wconf 87' lang='lat' dir='ltr'>quis</span> <span class='ocrx_word' id='word_1_196' title='bbox 1102 3001 1298 3086; x_wconf 89' lang='lat' dir='ltr'>decipiatur,</span> <span class='ocrx_word' id='word_1_197' title='bbox 1331 3003 1517 3069; x_wconf 87' lang='lat' dir='ltr'>meminisse</span> <span class='ocrx_word' id='word_1_198' title='bbox 1547 3003 1686 3070; x_wconf 85' lang='lat' dir='ltr'>sufficiet</span> <span class='ocrx_word' id='word_1_199' title='bbox 1708 3004 1795 3069; x_wconf 84' lang='lat' dir='ltr'>Ghat</span> <span class='ocrx_word' id='word_1_200' title='bbox 1823 3024 1844 3068; x_wconf 93' lang='lat' dir='ltr'>a</span> <span class='ocrx_word' id='word_1_201' title='bbox 1866 3003 1972 3088; x_wconf 87' lang='lat' dir='ltr'>Syrtis</span> 
     </span>
     <span class='ocr_line' id='line_1_22' title="bbox 341 3119 1972 3205; baseline 0.004 -21"><span class='ocrx_word' id='word_1_202' title='bbox 341 3119 473 3185; x_wconf 89' lang='lat' dir='ltr'>minoris</span> <span class='ocrx_word' id='word_1_203' title='bbox 496 3120 587 3187; x_wconf 91' lang='lat' dir='ltr'>litore</span> <span class='ocrx_word' id='word_1_204' title='bbox 610 3140 651 3186; x_wconf 90' lang='lat' dir='ltr'>m.</span> <span class='ocrx_word' id='word_1_205' title='bbox 677 3141 710 3205; x_wconf 89' lang='lat' dir='ltr'>p.</span> <span class='ocrx_word' id='word_1_206' title='bbox 736 3119 805 3186; x_wconf 84' lang='lat' dir='ltr'>fere</span> <span class='ocrx_word' id='word_1_207' title='bbox 827 3120 912 3186; x_wconf 82' lang='lat' dir='ltr'>DCL</span> <span class='ocrx_word' id='word_1_208' title='bbox 934 3121 1061 3187; x_wconf 88' lang='lat' dir='ltr'>abesse.</span> <span class='ocrx_word' id='word_1_209' title='bbox 1109 3122 1248 3187; x_wconf 86' lang='lat' dir='ltr'>Tantum</span> <span class='ocrx_word' id='word_1_210' title='bbox 1268 3122 1330 3188; x_wconf 90' lang='lat' dir='ltr'>iter</span> <span class='ocrx_word' id='word_1_211' title='bbox 1351 3143 1410 3188; x_wconf 89' lang='lat' dir='ltr'>nec</span> <span class='ocrx_word' id='word_1_212' title='bbox 1433 3123 1617 3189; x_wconf 90' lang='lat' dir='ltr'>Maurorum</span> <span class='ocrx_word' id='word_1_213' title='bbox 1638 3130 1763 3189; x_wconf 85' lang='lat' dir='ltr'>turmas</span> <span class='ocrx_word' id='word_1_214' title='bbox 1784 3123 1972 3190; x_wconf 88' lang='lat' dir='ltr'>innumerae</span> 
     </span>
     <span class='ocr_line' id='line_1_23' title="bbox 340 3239 1973 3327; baseline 0.002 -22"><span class='ocrx_word' id='word_1_215' title='bbox 340 3239 565 3324; x_wconf 76' lang='lat' dir='ltr'>pecudumque</span> <span class='ocrx_word' id='word_1_216' title='bbox 587 3259 703 3323; x_wconf 86' lang='lat' dir='ltr'>greges</span> <span class='ocrx_word' id='word_1_217' title='bbox 724 3239 873 3321; x_wconf 88' lang='lat' dir='ltr'>ingentes</span> <span class='ocrx_word' id='word_1_218' title='bbox 888 3239 1108 3324; x_wconf 86' lang='lat' dir='ltr'>perfecissent,</span> <span class='ocrx_word' id='word_1_219' title='bbox 1133 3261 1193 3306; x_wconf 88' lang='lat' dir='ltr'>nec</span> <span class='ocrx_word' id='word_1_220' title='bbox 1209 3242 1435 3325; x_wconf 85' lang='lat' dir='ltr'>Byzantiorum</span> <span class='ocrx_word' id='word_1_221' title='bbox 1451 3242 1610 3307; x_wconf 89' lang='lat' dir='ltr'>exercitus</span> <span class='ocrx_word' id='word_1_222' title='bbox 1626 3243 1832 3327; x_wconf 89' lang='lat' dir='ltr'>suscepisset.</span> <span class='ocrx_word' id='word_1_223' title='bbox 1871 3243 1973 3325; x_wconf 86' lang='lat' dir='ltr'>Equi-</span> 
     </span>
     <span class='ocr_line' id='line_1_24' title="bbox 342 3358 1971 3446; baseline 0.002 -23"><span class='ocrx_word' id='word_1_224' title='bbox 342 3359 416 3424; x_wconf 86' lang='lat' dir='ltr'>dem</span> <span class='ocrx_word' id='word_1_225' title='bbox 439 3378 502 3441; x_wconf 92' lang='lat' dir='ltr'>quo</span> <span class='ocrx_word' id='word_1_226' title='bbox 524 3358 704 3424; x_wconf 88' lang='lat' dir='ltr'>accuratius</span> <span class='ocrx_word' id='word_1_227' title='bbox 726 3377 854 3423; x_wconf 87' lang='lat' dir='ltr'>versum</span> <span class='ocrx_word' id='word_1_228' title='bbox 877 3366 977 3425; x_wconf 89' lang='lat' dir='ltr'>toturn</span> <span class='ocrx_word' id='word_1_229' title='bbox 1004 3360 1125 3426; x_wconf 85' lang='lat' dir='ltr'>‘siccas</span> <span class='ocrx_word' id='word_1_230' title='bbox 1148 3379 1301 3446; x_wconf 91' lang='lat' dir='ltr'>superare</span> <span class='ocrx_word' id='word_1_231' title='bbox 1324 3360 1482 3427; x_wconf 84' lang='lat' dir='ltr'>Gadaias&#39;</span> <span class='ocrx_word' id='word_1_232' title='bbox 1506 3361 1708 3444; x_wconf 83' lang='lat' dir='ltr'>examinavi,</span> <span class='ocrx_word' id='word_1_233' title='bbox 1741 3383 1779 3428; x_wconf 93' lang='lat' dir='ltr'>eo</span> <span class='ocrx_word' id='word_1_234' title='bbox 1802 3362 1907 3428; x_wconf 92' lang='lat' dir='ltr'>minus</span> <span class='ocrx_word' id='word_1_235' title='bbox 1929 3361 1971 3428; x_wconf 91' lang='lat' dir='ltr'>de</span> 
     </span>
     <span class='ocr_line' id='line_1_25' title="bbox 341 3477 1971 3565; baseline 0.002 -22"><span class='ocrx_word' id='word_1_236' title='bbox 341 3477 460 3563; x_wconf 89' lang='lat' dir='ltr'>oppido</span> <span class='ocrx_word' id='word_1_237' title='bbox 482 3478 549 3542; x_wconf 92' lang='lat' dir='ltr'>ullo</span> <span class='ocrx_word' id='word_1_238' title='bbox 571 3478 624 3542; x_wconf 90' lang='lat' dir='ltr'>hic</span> <span class='ocrx_word' id='word_1_239' title='bbox 646 3478 745 3543; x_wconf 89' lang='lat' dir='ltr'>verba</span> <span class='ocrx_word' id='word_1_240' title='bbox 766 3477 873 3544; x_wconf 87' lang='lat' dir='ltr'>faeere</span> <span class='ocrx_word' id='word_1_241' title='bbox 896 3486 1024 3563; x_wconf 74' lang='lat' dir='ltr'>poetam</span> <span class='ocrx_word' id='word_1_242' title='bbox 1055 3478 1188 3544; x_wconf 91' lang='lat' dir='ltr'>credidi.</span> <span class='ocrx_word' id='word_1_243' title='bbox 1235 3482 1380 3565; x_wconf 83' lang='lat' dir='ltr'>Apparet</span> <span class='ocrx_word' id='word_1_244' title='bbox 1408 3480 1492 3546; x_wconf 92' lang='lat' dir='ltr'>enim</span> <span class='ocrx_word' id='word_1_245' title='bbox 1523 3481 1721 3547; x_wconf 88' lang='lat' dir='ltr'>desertorum</span> <span class='ocrx_word' id='word_1_246' title='bbox 1751 3482 1845 3564; x_wconf 90' lang='lat' dir='ltr'>quasi</span> <span class='ocrx_word' id='word_1_247' title='bbox 1872 3481 1971 3549; x_wconf 90' lang='lat' dir='ltr'>limen</span> 
     </span>
     <span class='ocr_line' id='line_1_26' title="bbox 341 3596 1972 3684; baseline 0.001 -20"><span class='ocrx_word' id='word_1_248' title='bbox 341 3597 503 3680; x_wconf 89' lang='lat' dir='ltr'>quoddam</span> <span class='ocrx_word' id='word_1_249' title='bbox 526 3598 578 3663; x_wconf 92' lang='lat' dir='ltr'>hic</span> <span class='ocrx_word' id='word_1_250' title='bbox 599 3596 764 3679; x_wconf 74' lang='lat' dir='ltr'>densari,</span> <span class='ocrx_word' id='word_1_251' title='bbox 793 3618 856 3681; x_wconf 88' lang='lat' dir='ltr'>quo</span> <span class='ocrx_word' id='word_1_252' title='bbox 878 3606 1028 3683; x_wconf 89' lang='lat' dir='ltr'>superato</span> <span class='ocrx_word' id='word_1_253' title='bbox 1050 3599 1222 3664; x_wconf 89' lang='lat' dir='ltr'>mediisin</span> <span class='ocrx_word' id='word_1_254' title='bbox 1245 3599 1375 3665; x_wconf 88' lang='lat' dir='ltr'>harenis</span> <span class='ocrx_word' id='word_1_255' title='bbox 1397 3600 1558 3684; x_wconf 86' lang='lat' dir='ltr'>fugientes</span> <span class='ocrx_word' id='word_1_256' title='bbox 1579 3608 1757 3666; x_wconf 89' lang='lat' dir='ltr'>versentur.</span> <span class='ocrx_word' id='word_1_257' title='bbox 1803 3602 1873 3667; x_wconf 91' lang='lat' dir='ltr'>Iam</span> <span class='ocrx_word' id='word_1_258' title='bbox 1895 3621 1972 3667; x_wconf 91' lang='lat' dir='ltr'>vero</span> 
     </span>
     <span class='ocr_line' id='line_1_27' title="bbox 342 3716 1971 3804; baseline 0.003 -23"><span class='ocrx_word' id='word_1_259' title='bbox 342 3716 473 3783; x_wconf 90' lang='lat' dir='ltr'>Henrici</span> <span class='ocrx_word' id='word_1_260' title='bbox 495 3717 675 3801; x_wconf 89' lang='lat' dir='ltr'>Duveyrier</span> <span class='ocrx_word' id='word_1_261' title='bbox 697 3716 813 3782; x_wconf 89' lang='lat' dir='ltr'>librum</span> <span class='ocrx_word' id='word_1_262' title='bbox 834 3718 927 3782; x_wconf 89' lang='lat' dir='ltr'>illum</span> <span class='ocrx_word' id='word_1_263' title='bbox 950 3718 1116 3803; x_wconf 91' lang='lat' dir='ltr'>egregium</span> <span class='ocrx_word' id='word_1_264' title='bbox 1138 3726 1359 3804; x_wconf 86' lang='lat' dir='ltr'>perscrutans,</span> <span class='ocrx_word' id='word_1_265' title='bbox 1391 3720 1426 3784; x_wconf 92' lang='lat' dir='ltr'>in</span> <span class='ocrx_word' id='word_1_266' title='bbox 1455 3739 1518 3803; x_wconf 87' lang='lat' dir='ltr'>quo</span> <span class='ocrx_word' id='word_1_267' title='bbox 1540 3720 1757 3801; x_wconf 87' lang='lat' dir='ltr'>desertorum,</span> <span class='ocrx_word' id='word_1_268' title='bbox 1792 3719 1971 3804; x_wconf 89' lang='lat' dir='ltr'>dequibus</span> 
     </span>
     <span class='ocr_line' id='line_1_28' title="bbox 340 3834 1987 3989; baseline 0.002 -87"><span class='ocrx_word' id='word_1_269' title='bbox 340 3837 393 3902; x_wconf 90' lang='lat' dir='ltr'>hie</span> <span class='ocrx_word' id='word_1_270' title='bbox 415 3836 532 3920; x_wconf 89' lang='lat' dir='ltr'>agitur,</span> <span class='ocrx_word' id='word_1_271' title='bbox 558 3834 672 3902; x_wconf 90' lang='lat' dir='ltr'>notitia</span> <span class='ocrx_word' id='word_1_272' title='bbox 693 3842 760 3901; x_wconf 91' lang='lat' dir='ltr'>tota</span> <span class='ocrx_word' id='word_1_273' title='bbox 782 3836 849 3902; x_wconf 83' lang='lat' dir='ltr'>iere</span> <span class='ocrx_word' id='word_1_274' title='bbox 871 3837 992 3919; x_wconf 88' lang='lat' dir='ltr'>nititur,</span> <span class='ocrx_word' id='word_1_275' title='bbox 1016 3837 1050 3903; x_wconf 92' lang='lat' dir='ltr'>in</span> <span class='ocrx_word' id='word_1_276' title='bbox 1072 3838 1213 3904; x_wconf 89' lang='lat' dir='ltr'>harenae</span> <span class='ocrx_word' id='word_1_277' title='bbox 1236 3839 1430 3904; x_wconf 89' lang='lat' dir='ltr'>tumulorum</span> <span class='ocrx_word' id='word_1_278' title='bbox 1459 3840 1607 3923; x_wconf 76' lang='lat' dir='ltr'>(Daras),</span> <span class='ocrx_word' id='word_1_279' title='bbox 1634 3840 1750 3923; x_wconf 90' lang='lat' dir='ltr'>quihus</span> <span class='ocrx_word' id='word_1_280' title='bbox 1772 3840 1970 3907; x_wconf 90' lang='lat' dir='ltr'>desertorum</span> <span class='ocrx_word' id='word_1_281' title='bbox 1975 3853 1987 3989; x_wconf 74' lang='lat' dir='ltr'>y</span> 
     </span>
     <span class='ocr_line' id='line_1_29' title="bbox 341 3956 1970 4044; baseline 0.002 -23"><span class='ocrx_word' id='word_1_282' title='bbox 341 3957 471 4021; x_wconf 88' lang='lat' dir='ltr'>illorum</span> <span class='ocrx_word' id='word_1_283' title='bbox 492 3975 567 4040; x_wconf 90' lang='lat' dir='ltr'>pars</span> <span class='ocrx_word' id='word_1_284' title='bbox 590 3976 709 4040; x_wconf 88' lang='lat' dir='ltr'>magna</span> <span class='ocrx_word' id='word_1_285' title='bbox 731 3956 855 4040; x_wconf 89' lang='lat' dir='ltr'>repleta</span> <span class='ocrx_word' id='word_1_286' title='bbox 877 3965 936 4040; x_wconf 91' lang='lat' dir='ltr'>est,</span> <span class='ocrx_word' id='word_1_287' title='bbox 964 3956 1408 4044; x_wconf 68' lang='lat' dir='ltr'>descriptionemincidi172).</span> <span class='ocrx_word' id='word_1_288' title='bbox 1456 3960 1587 4025; x_wconf 89' lang='lat' dir='ltr'>Tumuli</span> <span class='ocrx_word' id='word_1_289' title='bbox 1608 3960 1702 4043; x_wconf 87' lang='lat' dir='ltr'>tales,</span> <span class='ocrx_word' id='word_1_290' title='bbox 1727 3959 1783 4042; x_wconf 91' lang='lat' dir='ltr'>qui</span> <span class='ocrx_word' id='word_1_291' title='bbox 1804 3968 1970 4027; x_wconf 89' lang='lat' dir='ltr'>ventorum</span> 
     </span>
     <span class='ocr_line' id='line_1_30' title="bbox 339 4075 1970 4163; baseline 0.003 -23"><span class='ocrx_word' id='word_1_292' title='bbox 339 4075 372 4140; x_wconf 91' lang='lat' dir='ltr'>vi</span> <span class='ocrx_word' id='word_1_293' title='bbox 395 4082 635 4158; x_wconf 81' lang='lat' dir='ltr'>coacervantur,</span> <span class='ocrx_word' id='word_1_294' title='bbox 659 4075 832 4159; x_wconf 87' lang='lat' dir='ltr'>agitantur,</span> <span class='ocrx_word' id='word_1_295' title='bbox 858 4077 1094 4162; x_wconf 91' lang='lat' dir='ltr'>propulsantur,</span> <span class='ocrx_word' id='word_1_296' title='bbox 1120 4075 1208 4163; x_wconf 92' lang='lat' dir='ltr'>apud</span> <span class='ocrx_word' id='word_1_297' title='bbox 1221 4077 1404 4143; x_wconf 91' lang='lat' dir='ltr'>Maurorum</span> <span class='ocrx_word' id='word_1_298' title='bbox 1427 4087 1540 4162; x_wconf 86' lang='lat' dir='ltr'>gentes</span> <span class='ocrx_word' id='word_1_299' title='bbox 1562 4079 1733 4145; x_wconf 92' lang='lat' dir='ltr'>nonnullas</span> <span class='ocrx_word' id='word_1_300' title='bbox 1759 4080 1805 4144; x_wconf 85' lang='lat' dir='ltr'>‘el</span> <span class='ocrx_word' id='word_1_301' title='bbox 1828 4079 1970 4163; x_wconf 79' lang='lat' dir='ltr'>guedea&#39;</span> 
     </span>
     <span class='ocr_line' id='line_1_31' title="bbox 340 4194 1991 4283; baseline 0.003 -24"><span class='ocrx_word' id='word_1_302' title='bbox 340 4196 411 4277; x_wconf 90' lang='lat' dir='ltr'>vel,</span> <span class='ocrx_word' id='word_1_303' title='bbox 440 4202 476 4260; x_wconf 92' lang='lat' dir='ltr'>ut</span> <span class='ocrx_word' id='word_1_304' title='bbox 497 4194 725 4280; x_wconf 88' lang='lat' dir='ltr'>orthographia</span> <span class='ocrx_word' id='word_1_305' title='bbox 747 4194 940 4262; x_wconf 83' lang='lat' dir='ltr'>Germanica</span> <span class='ocrx_word' id='word_1_306' title='bbox 962 4204 1050 4281; x_wconf 86' lang='lat' dir='ltr'>utar,</span> <span class='ocrx_word' id='word_1_307' title='bbox 1086 4197 1220 4281; x_wconf 79' lang='lat' dir='ltr'>‘gedea’</span> <span class='ocrx_word' id='word_1_308' title='bbox 1244 4197 1351 4263; x_wconf 87' lang='lat' dir='ltr'>vocari</span> <span class='ocrx_word' id='word_1_309' title='bbox 1374 4198 1487 4264; x_wconf 91' lang='lat' dir='ltr'>solent.</span> <span class='ocrx_word' id='word_1_310' title='bbox 1536 4199 1654 4263; x_wconf 90' lang='lat' dir='ltr'>Parum</span> <span class='ocrx_word' id='word_1_311' title='bbox 1675 4218 1727 4264; x_wconf 89' lang='lat' dir='ltr'>me</span> <span class='ocrx_word' id='word_1_312' title='bbox 1748 4199 1886 4283; x_wconf 89' lang='lat' dir='ltr'>peritum</span> <span class='ocrx_word' id='word_1_313' title='bbox 1908 4199 1991 4265; x_wconf 71' lang='lat' dir='ltr'>liu-‘</span> 
     </span>
     <span class='ocr_line' id='line_1_32' title="bbox 342 4314 1971 4399; baseline 0.001 -18"><span class='ocrx_word' id='word_1_314' title='bbox 342 4335 427 4399; x_wconf 88' lang='lat' dir='ltr'>guae</span> <span class='ocrx_word' id='word_1_315' title='bbox 442 4314 603 4380; x_wconf 88' lang='lat' dir='ltr'>Mauricae</span> <span class='ocrx_word' id='word_1_316' title='bbox 626 4333 698 4380; x_wconf 88' lang='lat' dir='ltr'>esse</span> <span class='ocrx_word' id='word_1_317' title='bbox 720 4314 833 4398; x_wconf 84' lang='lat' dir='ltr'>fateor,</span> <span class='ocrx_word' id='word_1_318' title='bbox 859 4337 955 4399; x_wconf 92' lang='lat' dir='ltr'>quam</span> <span class='ocrx_word' id='word_1_319' title='bbox 977 4323 1014 4382; x_wconf 89' lang='lat' dir='ltr'>ut</span> <span class='ocrx_word' id='word_1_320' title='bbox 1035 4317 1097 4383; x_wconf 91' lang='lat' dir='ltr'>hac</span> <span class='ocrx_word' id='word_1_321' title='bbox 1117 4317 1229 4383; x_wconf 90' lang='lat' dir='ltr'>notula</span> <span class='ocrx_word' id='word_1_322' title='bbox 1244 4316 1344 4383; x_wconf 83' lang='lat' dir='ltr'>fretus</span> <span class='ocrx_word' id='word_1_323' title='bbox 1371 4317 1548 4384; x_wconf 82' lang='lat' dir='ltr'>‘Gadaias’</span> <span class='ocrx_word' id='word_1_324' title='bbox 1571 4319 1646 4384; x_wconf 91' lang='lat' dir='ltr'>illas</span> <span class='ocrx_word' id='word_1_325' title='bbox 1668 4317 1809 4385; x_wconf 88' lang='lat' dir='ltr'>harenae</span> <span class='ocrx_word' id='word_1_326' title='bbox 1831 4319 1971 4384; x_wconf 90' lang='lat' dir='ltr'>tumulos</span> 
     </span>
     <span class='ocr_line' id='line_1_33' title="bbox 341 4408 1982 4522; baseline 0.002 -22"><span class='ocrx_word' id='word_1_327' title='bbox 341 4434 482 4519; x_wconf 88' lang='lat' dir='ltr'>regionis</span> <span class='ocrx_word' id='word_1_328' title='bbox 510 4434 658 4501; x_wconf 90' lang='lat' dir='ltr'>desertae</span> <span class='ocrx_word' id='word_1_329' title='bbox 686 4408 759 4500; x_wconf 84' lang='lat' dir='ltr'>esse</span> <span class='ocrx_word' id='word_1_330' title='bbox 787 4435 989 4501; x_wconf 88' lang='lat' dir='ltr'>contendam.</span> <span class='ocrx_word' id='word_1_331' title='bbox 1035 4437 1159 4502; x_wconf 85' lang='lat' dir='ltr'>Tamen</span> <span class='ocrx_word' id='word_1_332' title='bbox 1188 4437 1222 4501; x_wconf 91' lang='lat' dir='ltr'>in</span> <span class='ocrx_word' id='word_1_333' title='bbox 1249 4455 1284 4501; x_wconf 87' lang='lat' dir='ltr'>re</span> <span class='ocrx_word' id='word_1_334' title='bbox 1313 4435 1502 4522; x_wconf 88' lang='lat' dir='ltr'>desperata,</span> <span class='ocrx_word' id='word_1_335' title='bbox 1534 4437 1613 4520; x_wconf 91' lang='lat' dir='ltr'>quin</span> <span class='ocrx_word' id='word_1_336' title='bbox 1641 4438 1780 4503; x_wconf 88' lang='lat' dir='ltr'>virorum</span> <span class='ocrx_word' id='word_1_337' title='bbox 1806 4438 1982 4507; x_wconf 63' lang='lat' dir='ltr'>doctorum.¹</span> 
     </span>
     <span class='ocr_line' id='line_1_34' title="bbox 340 4516 1978 4642; baseline 0.002 -22"><span class='ocrx_word' id='word_1_338' title='bbox 340 4554 449 4621; x_wconf 90' lang='lat' dir='ltr'>oculos</span> <span class='ocrx_word' id='word_1_339' title='bbox 469 4552 504 4620; x_wconf 93' lang='lat' dir='ltr'>in</span> <span class='ocrx_word' id='word_1_340' title='bbox 525 4552 688 4619; x_wconf 91' lang='lat' dir='ltr'>nominum</span> <span class='ocrx_word' id='word_1_341' title='bbox 711 4553 951 4620; x_wconf 88' lang='lat' dir='ltr'>similitudinem</span> <span class='ocrx_word' id='word_1_342' title='bbox 972 4555 1064 4620; x_wconf 90' lang='lat' dir='ltr'>illam</span> <span class='ocrx_word' id='word_1_343' title='bbox 1086 4554 1297 4639; x_wconf 82' lang='lat' dir='ltr'>adverterem,</span> <span class='ocrx_word' id='word_1_344' title='bbox 1323 4555 1431 4624; x_wconf 85' lang='lat' dir='ltr'>iacere</span> <span class='ocrx_word' id='word_1_345' title='bbox 1453 4577 1518 4622; x_wconf 92' lang='lat' dir='ltr'>non</span> <span class='ocrx_word' id='word_1_346' title='bbox 1539 4556 1638 4642; x_wconf 90' lang='lat' dir='ltr'>potui.</span> <span class='ocrx_word' id='word_1_347' title='bbox 1973 4516 1978 4593; x_wconf 63' lang='lat' dir='ltr'>i</span> 
     </span>
    </p>

    <p class='ocr_par' dir='ltr' id='par_1_6' title="bbox 340 4672 2033 5119">
     <span class='ocr_line' id='line_1_35' title="bbox 427 4672 1971 4762; baseline 0.001 -23"><span class='ocrx_word' id='word_1_348' title='bbox 427 4673 576 4739; x_wconf 84' lang='lat' dir='ltr'>Ceterum</span> <span class='ocrx_word' id='word_1_349' title='bbox 607 4693 703 4755; x_wconf 91' lang='lat' dir='ltr'>quam</span> <span class='ocrx_word' id='word_1_350' title='bbox 732 4672 931 4739; x_wconf 88' lang='lat' dir='ltr'>desertorum</span> <span class='ocrx_word' id='word_1_351' title='bbox 959 4674 993 4739; x_wconf 92' lang='lat' dir='ltr'>in</span> <span class='ocrx_word' id='word_1_352' title='bbox 1021 4681 1144 4760; x_wconf 90' lang='lat' dir='ltr'>partem</span> <span class='ocrx_word' id='word_1_353' title='bbox 1173 4676 1285 4761; x_wconf 91' lang='lat' dir='ltr'>populi</span> <span class='ocrx_word' id='word_1_354' title='bbox 1307 4674 1425 4761; x_wconf 88' lang='lat' dir='ltr'>Syrtici</span> <span class='ocrx_word' id='word_1_355' title='bbox 1446 4674 1510 4760; x_wconf 88' lang='lat' dir='ltr'>ipsi</span> <span class='ocrx_word' id='word_1_356' title='bbox 1531 4676 1723 4743; x_wconf 88' lang='lat' dir='ltr'>recesserint</span> <span class='ocrx_word' id='word_1_357' title='bbox 1745 4685 1777 4743; x_wconf 92' lang='lat' dir='ltr'>et</span> <span class='ocrx_word' id='word_1_358' title='bbox 1799 4676 1971 4762; x_wconf 89' lang='lat' dir='ltr'>Byzantios</span> 
     </span>
     <span class='ocr_line' id='line_1_36' title="bbox 340 4790 2033 4876; baseline 0.004 -19"><span class='ocrx_word' id='word_1_359' title='bbox 340 4790 520 4875; x_wconf 81' lang='lat' dir='ltr'>illexerint,</span> <span class='ocrx_word' id='word_1_360' title='bbox 557 4791 696 4859; x_wconf 89' lang='lat' dir='ltr'>duhitari</span> <span class='ocrx_word' id='word_1_361' title='bbox 725 4793 847 4876; x_wconf 91' lang='lat' dir='ltr'>nequit.</span> <span class='ocrx_word' id='word_1_362' title='bbox 898 4793 979 4859; x_wconf 81' lang='lat' dir='ltr'>Cum</span> <span class='ocrx_word' id='word_1_363' title='bbox 1007 4793 1092 4859; x_wconf 91' lang='lat' dir='ltr'>enim</span> <span class='ocrx_word' id='word_1_364' title='bbox 1121 4794 1164 4860; x_wconf 91' lang='lat' dir='ltr'>ad</span> <span class='ocrx_word' id='word_1_365' title='bbox 1193 4815 1280 4860; x_wconf 91' lang='lat' dir='ltr'>oram</span> <span class='ocrx_word' id='word_1_366' title='bbox 1310 4795 1502 4861; x_wconf 89' lang='lat' dir='ltr'>maritimam</span> <span class='ocrx_word' id='word_1_367' title='bbox 1529 4796 1584 4861; x_wconf 90' lang='lat' dir='ltr'>via</span> <span class='ocrx_word' id='word_1_368' title='bbox 1612 4804 1700 4861; x_wconf 88' lang='lat' dir='ltr'>recta</span> <span class='ocrx_word' id='word_1_369' title='bbox 1727 4816 1875 4862; x_wconf 90' lang='lat' dir='ltr'>reversus</span> <span class='ocrx_word' id='word_1_370' title='bbox 1904 4805 1972 4863; x_wconf 90' lang='lat' dir='ltr'>sta-</span> <span class='ocrx_word' id='word_1_371' title='bbox 2030 4810 2033 4815; x_wconf 79' lang='grc'><strong><em>’</em></strong></span> 
     </span>
     <span class='ocr_line' id='line_1_37' title="bbox 342 4910 1972 5001; baseline 0.001 -22"><span class='ocrx_word' id='word_1_372' title='bbox 342 4912 400 4979; x_wconf 86' lang='lat' dir='ltr'>tim</span> <span class='ocrx_word' id='word_1_373' title='bbox 423 4910 526 4996; x_wconf 84' lang='lat' dir='ltr'>Syrtis</span> <span class='ocrx_word' id='word_1_374' title='bbox 554 4910 685 4977; x_wconf 90' lang='lat' dir='ltr'>minoris</span> <span class='ocrx_word' id='word_1_375' title='bbox 714 4910 757 4977; x_wconf 92' lang='lat' dir='ltr'>ad</span> <span class='ocrx_word' id='word_1_376' title='bbox 786 4912 880 4977; x_wconf 93' lang='lat' dir='ltr'>litora</span> <span class='ocrx_word' id='word_1_377' title='bbox 901 4913 1127 4998; x_wconf 89' lang='lat' dir='ltr'>Byzantiorum</span> <span class='ocrx_word' id='word_1_378' title='bbox 1157 4918 1317 4981; x_wconf 86' lang='lat' dir='ltr'>exercitus</span> <span class='ocrx_word' id='word_1_379' title='bbox 1338 4915 1582 5001; x_wconf 87' lang='lat' dir='ltr'>pervenerit-</span> <span class='ocrx_word' id='word_1_380' title='bbox 1604 4913 1841 4998; x_wconf 84' lang='lat' dir='ltr'>quodquidam</span> <span class='ocrx_word' id='word_1_381' title='bbox 1863 4917 1972 5001; x_wconf 90' lang='lat' dir='ltr'>paullo</span> 
     </span>
     <span class='ocr_line' id='line_1_38' title="bbox 341 5029 1971 5119; baseline 0.003 -22"><span class='ocrx_word' id='word_1_382' title='bbox 341 5031 427 5098; x_wconf 87' lang='lat' dir='ltr'>infra</span> <span class='ocrx_word' id='word_1_383' title='bbox 448 5029 529 5096; x_wconf 93' lang='lat' dir='ltr'>mihi</span> <span class='ocrx_word' id='word_1_384' title='bbox 550 5030 834 5097; x_wconf 90' lang='lat' dir='ltr'>demonstrandum</span> <span class='ocrx_word' id='word_1_385' title='bbox 856 5030 917 5098; x_wconf 90' lang='lat' dir='ltr'>erit</span> <span class='ocrx_word' id='word_1_386' title='bbox 937 5068 997 5115; x_wconf 91' lang='lat'>-,</span> <span class='ocrx_word' id='word_1_387' title='bbox 1028 5032 1233 5099; x_wconf 77' lang='lat' dir='ltr'>manifestum</span> <span class='ocrx_word' id='word_1_388' title='bbox 1261 5042 1310 5100; x_wconf 92' lang='lat' dir='ltr'>est</span> <span class='ocrx_word' id='word_1_389' title='bbox 1331 5056 1404 5101; x_wconf 90' lang='lat' dir='ltr'>eum</span> <span class='ocrx_word' id='word_1_390' title='bbox 1428 5034 1625 5101; x_wconf 89' lang='lat' dir='ltr'>desertorum</span> <span class='ocrx_word' id='word_1_391' title='bbox 1653 5036 1693 5117; x_wconf 75' lang='lat' dir='ltr'>(el</span> <span class='ocrx_word' id='word_1_392' title='bbox 1714 5034 1789 5119; x_wconf 84' lang='lat' dir='ltr'>Erg)</span> <span class='ocrx_word' id='word_1_393' title='bbox 1816 5037 1971 5119; x_wconf 89' lang='lat' dir='ltr'>angulum</span> 
     </span>
    </p>
   </div>
   <div class='ocr_carea' id='block_1_5' title="bbox 342 5289 1974 5867">
    <p class='ocr_par' dir='ltr' id='par_1_7' title="bbox 431 5289 859 5353">
     <span class='ocr_line' id='line_1_39' title="bbox 431 5289 859 5353; baseline 0.005 -13"><span class='ocrx_word' id='word_1_394' title='bbox 431 5289 488 5353; x_wconf 84' lang='grc'><strong>168)</strong></span> <span class='ocrx_word' id='word_1_395' title='bbox 509 5289 563 5341; x_wconf 78' lang='lat' dir='ltr'>Gor.</span> <span class='ocrx_word' id='word_1_396' title='bbox 585 5290 640 5340; x_wconf 85' lang='lat' dir='ltr'>Ioh.</span> <span class='ocrx_word' id='word_1_397' title='bbox 659 5291 695 5339; x_wconf 82' lang='lat' dir='ltr'>vl</span> <span class='ocrx_word' id='word_1_398' title='bbox 712 5289 859 5342; x_wconf 67' lang='lat' dir='ltr'>rra-291.</span> 
     </span>
    </p>

    <p class='ocr_par' dir='ltr' id='par_1_8' title="bbox 431 5374 859 5437">
     <span class='ocr_line' id='line_1_40' title="bbox 431 5374 859 5437; baseline 0.007 -12"><span class='ocrx_word' id='word_1_399' title='bbox 431 5375 487 5437; x_wconf 82' lang='grc'><strong>169)</strong></span> <span class='ocrx_word' id='word_1_400' title='bbox 510 5376 564 5426; x_wconf 80' lang='lat' dir='ltr'>Gor.</span> <span class='ocrx_word' id='word_1_401' title='bbox 584 5376 639 5427; x_wconf 86' lang='lat' dir='ltr'>loh.</span> <span class='ocrx_word' id='word_1_402' title='bbox 659 5376 696 5425; x_wconf 88' lang='lat' dir='ltr'>VI</span> <span class='ocrx_word' id='word_1_403' title='bbox 712 5374 859 5428; x_wconf 77' lang='lat' dir='ltr'>aaa-ate.</span> 
     </span>
    </p>

    <p class='ocr_par' dir='ltr' id='par_1_9' title="bbox 431 5460 859 5525">
     <span class='ocr_line' id='line_1_41' title="bbox 431 5460 859 5525; baseline -0.009 -13"><span class='ocrx_word' id='word_1_404' title='bbox 431 5461 488 5525; x_wconf 83' lang='grc'><strong>110)</strong></span> <span class='ocrx_word' id='word_1_405' title='bbox 509 5461 566 5516; x_wconf 80' lang='lat' dir='ltr'>Gor.</span> <span class='ocrx_word' id='word_1_406' title='bbox 585 5462 640 5512; x_wconf 87' lang='lat' dir='ltr'>ioh.</span> <span class='ocrx_word' id='word_1_407' title='bbox 660 5461 695 5508; x_wconf 85' lang='lat' dir='ltr'>Vi</span> <span class='ocrx_word' id='word_1_408' title='bbox 713 5460 859 5510; x_wconf 77' lang='grc'><strong>431-113.</strong></span> 
     </span>
    </p>

    <p class='ocr_par' dir='ltr' id='par_1_10' title="bbox 342 5545 1974 5780">
     <span class='ocr_line' id='line_1_42' title="bbox 431 5545 1974 5610; baseline 0.003 -14"><span class='ocrx_word' id='word_1_409' title='bbox 431 5546 487 5610; x_wconf 93' lang='grc'><strong>111)</strong></span> <span class='ocrx_word' id='word_1_410' title='bbox 509 5547 571 5597; x_wconf 79' lang='lat' dir='ltr'>Rev.</span> <span class='ocrx_word' id='word_1_411' title='bbox 591 5548 647 5597; x_wconf 74' lang='lat' dir='ltr'>hir.</span> <span class='ocrx_word' id='word_1_412' title='bbox 667 5547 729 5597; x_wconf 82' lang='lat' dir='ltr'>xrss</span> <span class='ocrx_word' id='word_1_413' title='bbox 747 5545 812 5596; x_wconf 91' lang='grc'><strong>1811</strong></span> <span class='ocrx_word' id='word_1_414' title='bbox 833 5560 858 5607; x_wconf 88' lang='lat' dir='ltr'>p.</span> <span class='ocrx_word' id='word_1_415' title='bbox 881 5546 939 5597; x_wconf 85' lang='lat'>188.</span> <span class='ocrx_word' id='word_1_416' title='bbox 976 5549 1025 5598; x_wconf 83' lang='lat' dir='ltr'>Lea</span> <span class='ocrx_word' id='word_1_417' title='bbox 1043 5547 1141 5597; x_wconf 86' lang='lat' dir='ltr'>Louata</span> <span class='ocrx_word' id='word_1_418' title='bbox 1162 5545 1348 5597; x_wconf 78' lang='lat' dir='ltr'>a’enlonetrent</span> <span class='ocrx_word' id='word_1_419' title='bbox 1365 5549 1428 5597; x_wconf 86' lang='lat' dir='ltr'>dana</span> <span class='ocrx_word' id='word_1_420' title='bbox 1444 5549 1482 5597; x_wconf 87' lang='lat' dir='ltr'>lea</span> <span class='ocrx_word' id='word_1_421' title='bbox 1499 5548 1622 5598; x_wconf 82' lang='lat' dir='ltr'>solitudas</span> <span class='ocrx_word' id='word_1_422' title='bbox 1640 5548 1771 5598; x_wconf 84' lang='lat' dir='ltr'>brdlarrtea</span> <span class='ocrx_word' id='word_1_423' title='bbox 1788 5549 1822 5598; x_wconf 85' lang='lat' dir='ltr'>du</span> <span class='ocrx_word' id='word_1_424' title='bbox 1841 5552 1920 5610; x_wconf 84' lang='lat' dir='ltr'>midi,</span> <span class='ocrx_word' id='word_1_425' title='bbox 1946 5558 1974 5601; x_wconf 88' lang='lat' dir='ltr'>et</span> 
     </span>
     <span class='ocr_line' id='line_1_43' title="bbox 343 5630 1971 5697; baseline 0.001 -15"><span class='ocrx_word' id='word_1_426' title='bbox 343 5646 370 5682; x_wconf 88' lang='lat' dir='ltr'>ce</span> <span class='ocrx_word' id='word_1_427' title='bbox 388 5634 430 5682; x_wconf 81' lang='lat' dir='ltr'>lut</span> <span class='ocrx_word' id='word_1_428' title='bbox 446 5631 528 5682; x_wconf 79' lang='lat' dir='ltr'>mima</span> <span class='ocrx_word' id='word_1_429' title='bbox 546 5647 596 5683; x_wconf 84' lang='lat' dir='ltr'>aux</span> <span class='ocrx_word' id='word_1_430' title='bbox 615 5634 660 5695; x_wconf 87' lang='lat' dir='ltr'>qul</span> <span class='ocrx_word' id='word_1_431' title='bbox 678 5634 753 5682; x_wconf 83' lang='lat' dir='ltr'>hreut</span> <span class='ocrx_word' id='word_1_432' title='bbox 770 5630 899 5681; x_wconf 87' lang='lat' dir='ltr'>conuaitre</span> <span class='ocrx_word' id='word_1_433' title='bbox 917 5647 967 5681; x_wconf 85' lang='lat' dir='ltr'>aux</span> <span class='ocrx_word' id='word_1_434' title='bbox 985 5634 1138 5695; x_wconf 71' lang='lat' dir='ltr'>geographer</span> <span class='ocrx_word' id='word_1_435' title='bbox 1156 5634 1262 5683; x_wconf 76' lang='lat' dir='ltr'>tornatus</span> <span class='ocrx_word' id='word_1_436' title='bbox 1280 5633 1305 5681; x_wconf 90' lang='lat' dir='ltr'>la</span> <span class='ocrx_word' id='word_1_437' title='bbox 1320 5634 1380 5683; x_wconf 86' lang='lat' dir='ltr'>ville</span> <span class='ocrx_word' id='word_1_438' title='bbox 1391 5633 1513 5683; x_wconf 85' lang='lat' dir='ltr'>lolntatne</span> <span class='ocrx_word' id='word_1_439' title='bbox 1525 5634 1557 5685; x_wconf 85' lang='lat' dir='ltr'>da</span> <span class='ocrx_word' id='word_1_440' title='bbox 1569 5633 1679 5684; x_wconf 77' lang='lat' dir='ltr'>Gadeira</span> <span class='ocrx_word' id='word_1_441' title='bbox 1700 5634 1870 5695; x_wconf 78' lang='lat' dir='ltr'>(aujourd&#39;hul</span> <span class='ocrx_word' id='word_1_442' title='bbox 1883 5636 1971 5697; x_wconf 84' lang='lat' dir='ltr'>Ghit),</span> 
     </span>
     <span class='ocr_line' id='line_1_44' title="bbox 342 5717 821 5780; baseline 0 -14"><span class='ocrx_word' id='word_1_443' title='bbox 342 5719 469 5768; x_wconf 85' lang='lat' dir='ltr'>inconnue</span> <span class='ocrx_word' id='word_1_444' title='bbox 483 5720 579 5780; x_wconf 70' lang='lat' dir='ltr'>tuaque</span> <span class='ocrx_word' id='word_1_445' title='bbox 595 5719 620 5766; x_wconf 74' lang='lat' dir='ltr'>li</span> <span class='ocrx_word' id='word_1_446' title='bbox 637 5721 652 5766; x_wconf 80' lang='lat' dir='ltr'>i</span> <span class='ocrx_word' id='word_1_447' title='bbox 669 5717 821 5780; x_wconf 74' lang='lat' dir='ltr'>l’auttqulte.</span> 
     </span>
    </p>

    <p class='ocr_par' dir='ltr' id='par_1_11' title="bbox 433 5801 1902 5867">
     <span class='ocr_line' id='line_1_45' title="bbox 433 5801 1902 5867; baseline 0.003 -16"><span class='ocrx_word' id='word_1_448' title='bbox 433 5801 490 5867; x_wconf 81' lang='lat' dir='ltr'>rtz)</span> <span class='ocrx_word' id='word_1_449' title='bbox 510 5802 596 5863; x_wconf 77' lang='lat' dir='ltr'>fleury</span> <span class='ocrx_word' id='word_1_450' title='bbox 615 5803 755 5863; x_wconf 81' lang='lat' dir='ltr'>Duvayrler</span> <span class='ocrx_word' id='word_1_451' title='bbox 773 5803 935 5865; x_wconf 79' lang='lat' dir='ltr'>Exploratlorr</span> <span class='ocrx_word' id='word_1_452' title='bbox 953 5803 988 5852; x_wconf 87' lang='lat' dir='ltr'>du</span> <span class='ocrx_word' id='word_1_453' title='bbox 1008 5803 1107 5854; x_wconf 80' lang='lat' dir='ltr'>tlahara.</span> <span class='ocrx_word' id='word_1_454' title='bbox 1127 5802 1206 5854; x_wconf 77' lang='lat' dir='ltr'>Time</span> <span class='ocrx_word' id='word_1_455' title='bbox 1222 5805 1243 5855; x_wconf 89' lang='lat'>1.</span> <span class='ocrx_word' id='word_1_456' title='bbox 1281 5805 1331 5853; x_wconf 84' lang='lat' dir='ltr'>Lea</span> <span class='ocrx_word' id='word_1_457' title='bbox 1349 5804 1461 5865; x_wconf 74' lang='lat' dir='ltr'>Touareg</span> <span class='ocrx_word' id='word_1_458' title='bbox 1478 5804 1512 5852; x_wconf 85' lang='lat' dir='ltr'>dn</span> <span class='ocrx_word' id='word_1_459' title='bbox 1530 5802 1595 5852; x_wconf 85' lang='lat' dir='ltr'>Nord</span> <span class='ocrx_word' id='word_1_460' title='bbox 1613 5802 1684 5851; x_wconf 89' lang='lat' dir='ltr'>Paria</span> <span class='ocrx_word' id='word_1_461' title='bbox 1703 5802 1768 5853; x_wconf 85' lang='grc'><strong>1865</strong></span> <span class='ocrx_word' id='word_1_462' title='bbox 1787 5819 1813 5866; x_wconf 86' lang='lat' dir='ltr'>p.</span> <span class='ocrx_word' id='word_1_463' title='bbox 1834 5806 1902 5867; x_wconf 85' lang='lat' dir='ltr'>5aq.</span> 
     </span>
    </p>
   </div>
   <div class='ocr_carea' id='block_1_6' title="bbox 0 0 2526 6724">
    <p class='ocr_par' dir='ltr' id='par_1_12' title="bbox 0 0 2526 6724">
     <span class='ocr_line' id='line_1_46' title="bbox 0 0 2526 6724; baseline 0 0"><span class='ocrx_word' id='word_1_464' title='bbox 0 0 2526 6724; x_wconf 95' lang='lat' dir='ltr'> </span> 
     </span>
    </p>
   </div>
  </div>
 </body>
</html>
