<?xml version="1.0" encoding="UTF-8"?>
<!DOCTYPE html PUBLIC "-//W3C//DTD XHTML 1.0 Transitional//EN"
    "http://www.w3.org/TR/xhtml1/DTD/xhtml1-transitional.dtd">
<html xmlns="http://www.w3.org/1999/xhtml" xml:lang="en" lang="en">
 <head>
  <title>
</title>
<meta http-equiv="Content-Type" content="text/html;charset=utf-8" />
  <meta name='ocr-system' content='tesseract 3.04.00' />
  <meta name='ocr-capabilities' content='ocr_page ocr_carea ocr_par ocr_line ocrx_word'/>
</head>
<body>
  <div class='ocr_page' id='page_1' title='image "./corippiafricani00partgoog_0122.png"; bbox 0 0 5030 6734; ppageno 0'>
   <div class='ocr_carea' id='block_1_1' title="bbox 896 560 1431 625">
    <p class='ocr_par' dir='ltr' id='par_1_1' title="bbox 896 560 1431 625">
     <span class='ocr_line' id='line_1_1' title="bbox 896 560 1431 625; baseline -0.004 -10"><span class='ocrx_word' id='word_1_1' title='bbox 896 560 1126 617; x_wconf 77' lang='lat' dir='ltr'><strong>loflnuulnos</strong></span> <span class='ocrx_word' id='word_1_2' title='bbox 1144 562 1215 617; x_wconf 87' lang='lat' dir='ltr'><strong>LIB.</strong></span> <span class='ocrx_word' id='word_1_3' title='bbox 1236 562 1284 616; x_wconf 90' lang='lat' dir='ltr'><strong>lV.</strong></span> <span class='ocrx_word' id='word_1_4' title='bbox 1305 562 1339 617; x_wconf 86' lang='lat' dir='ltr'><strong>V·</strong></span> <span class='ocrx_word' id='word_1_5' title='bbox 1364 562 1431 625; x_wconf 75' lang='grc' dir='ltr'><strong>(Ν.</strong></span> 
     </span>
    </p>
   </div>
   <div class='ocr_carea' id='block_1_2' title="bbox 740 750 1812 5280">
    <p class='ocr_par' dir='ltr' id='par_1_2' title="bbox 740 750 1812 5280">
     <span class='ocr_line' id='line_1_2' title="bbox 740 750 1624 835; baseline 0.001 -18"><span class='ocrx_word' id='word_1_6' title='bbox 740 750 902 818; x_wconf 87' lang='lat' dir='ltr'><strong>ductorem</strong></span> <span class='ocrx_word' id='word_1_7' title='bbox 925 752 1060 817; x_wconf 85' lang='lat' dir='ltr'><strong>Antalas</strong></span> <span class='ocrx_word' id='word_1_8' title='bbox 1082 751 1190 818; x_wconf 87' lang='lat' dir='ltr'><strong>media</strong></span> <span class='ocrx_word' id='word_1_9' title='bbox 1211 752 1295 817; x_wconf 88' lang='lat' dir='ltr'><strong>inter</strong></span> <span class='ocrx_word' id='word_1_10' title='bbox 1316 751 1411 835; x_wconf 86' lang='lat' dir='ltr'><strong>signa</strong></span> <span class='ocrx_word' id='word_1_11' title='bbox 1431 752 1624 833; x_wconf 79' lang='lat' dir='ltr'><strong>Iohannem,</strong></span> 
     </span>
     <span class='ocr_line' id='line_1_3' title="bbox 740 855 1536 941; baseline 0 -20"><span class='ocrx_word' id='word_1_12' title='bbox 740 856 935 939; x_wconf 78' lang='lat' dir='ltr'>agnovitque</span> <span class='ocrx_word' id='word_1_13' title='bbox 957 856 1067 941; x_wconf 87' lang='lat' dir='ltr'><strong>procul</strong></span> <span class='ocrx_word' id='word_1_14' title='bbox 1090 856 1182 922; x_wconf 88' lang='lat' dir='ltr'><strong>celsa</strong></span> <span class='ocrx_word' id='word_1_15' title='bbox 1203 855 1287 921; x_wconf 84' lang='lat' dir='ltr'><strong>inter</strong></span> <span class='ocrx_word' id='word_1_16' title='bbox 1307 855 1374 921; x_wconf 89' lang='lat' dir='ltr'><strong>tela</strong></span> <span class='ocrx_word' id='word_1_17' title='bbox 1396 874 1536 921; x_wconf 87' lang='lat' dir='ltr'><strong>suorum.</strong></span> 
     </span>
     <span class='ocr_line' id='line_1_4' title="bbox 741 958 1621 1043; baseline 0 -18"><span class='ocrx_word' id='word_1_18' title='bbox 741 958 912 1042; x_wconf 89' lang='lat' dir='ltr'><strong>egrediens</strong></span> <span class='ocrx_word' id='word_1_19' title='bbox 933 965 1008 1023; x_wconf 91' lang='lat' dir='ltr'><strong>tunc</strong></span> <span class='ocrx_word' id='word_1_20' title='bbox 1030 958 1130 1024; x_wconf 87' lang='lat' dir='ltr'><strong>fertur</strong></span> <span class='ocrx_word' id='word_1_21' title='bbox 1152 978 1253 1041; x_wconf 91' lang='lat' dir='ltr'><strong>equo,</strong></span> <span class='ocrx_word' id='word_1_22' title='bbox 1282 958 1453 1042; x_wconf 77' lang='lat' dir='ltr'>magnique</span> <span class='ocrx_word' id='word_1_23' title='bbox 1475 959 1621 1043; x_wconf 86' lang='lat' dir='ltr'><strong>magistri</strong></span> 
     </span>
     <span class='ocr_line' id='line_1_5' title="bbox 740 1060 1658 1146; baseline -0.001 -18"><span class='ocrx_word' id='word_1_24' title='bbox 740 1061 867 1128; x_wconf 89' lang='lat' dir='ltr'><strong>transiit</strong></span> <span class='ocrx_word' id='word_1_25' title='bbox 888 1067 962 1126; x_wconf 88' lang='lat' dir='ltr'><strong>ante</strong></span> <span class='ocrx_word' id='word_1_26' title='bbox 984 1061 1111 1143; x_wconf 81' lang='lat' dir='ltr'><strong>oculos,</strong></span> <span class='ocrx_word' id='word_1_27' title='bbox 1137 1061 1259 1127; x_wconf 91' lang='lat' dir='ltr'><strong>domini</strong></span> <span class='ocrx_word' id='word_1_28' title='bbox 1282 1067 1354 1146; x_wconf 88' lang='lat' dir='ltr'><strong>post</strong></span> <span class='ocrx_word' id='word_1_29' title='bbox 1374 1068 1467 1145; x_wconf 86' lang='lat' dir='ltr'><strong>terga</strong></span> <span class='ocrx_word' id='word_1_30' title='bbox 1489 1060 1658 1128; x_wconf 89' lang='lat' dir='ltr'><strong>reflectens</strong></span> 
     </span>
     <span class='ocr_line' id='line_1_6' title="bbox 742 1163 1551 1249; baseline 0 -18"><span class='ocrx_word' id='word_1_31' title='bbox 742 1163 944 1249; x_wconf 82' lang='lat' dir='ltr'><strong>cornipedem</strong></span> <span class='ocrx_word' id='word_1_32' title='bbox 967 1164 1077 1231; x_wconf 86' lang='lat' dir='ltr'><strong>frenis.</strong></span> <span class='ocrx_word' id='word_1_33' title='bbox 1124 1164 1207 1229; x_wconf 90' lang='lat' dir='ltr'><strong>hosti</strong></span> <span class='ocrx_word' id='word_1_34' title='bbox 1229 1170 1337 1230; x_wconf 85' lang='lat' dir='ltr'><strong>tamen</strong></span> <span class='ocrx_word' id='word_1_35' title='bbox 1359 1164 1471 1231; x_wconf 79' lang='lat' dir='ltr'><strong>obvius</strong></span> <span class='ocrx_word' id='word_1_36' title='bbox 1493 1164 1551 1231; x_wconf 88' lang='lat' dir='ltr'><strong>ivit</strong></span> 
     </span>
     <span class='ocr_line' id='line_1_7' title="bbox 742 1266 1546 1352; baseline -0.001 -19"><span class='ocrx_word' id='word_1_37' title='bbox 742 1286 933 1352; x_wconf 88' lang='lat' dir='ltr'><strong>congressus</strong></span> <span class='ocrx_word' id='word_1_38' title='bbox 956 1266 1066 1332; x_wconf 87' lang='lat' dir='ltr'><strong>vacuis</strong></span> <span class='ocrx_word' id='word_1_39' title='bbox 1089 1266 1199 1333; x_wconf 86' lang='lat' dir='ltr'><strong>ductor</strong></span> <span class='ocrx_word' id='word_1_40' title='bbox 1221 1266 1414 1334; x_wconf 88' lang='lat' dir='ltr'><strong>fortissimus</strong></span> <span class='ocrx_word' id='word_1_41' title='bbox 1436 1266 1546 1333; x_wconf 90' lang='lat' dir='ltr'><strong>armis.</strong></span> 
     </span>
     <span class='ocr_line' id='line_1_8' title="bbox 742 1369 1638 1455; baseline -0.001 -19"><span class='ocrx_word' id='word_1_42' title='bbox 742 1371 855 1455; x_wconf 88' lang='lat' dir='ltr'><strong>arripit</strong></span> <span class='ocrx_word' id='word_1_43' title='bbox 875 1371 932 1436; x_wconf 88' lang='lat' dir='ltr'><strong>ille</strong></span> <span class='ocrx_word' id='word_1_44' title='bbox 954 1369 1077 1454; x_wconf 86' lang='lat' dir='ltr'><strong>fugam.</strong></span> <span class='ocrx_word' id='word_1_45' title='bbox 1123 1390 1217 1453; x_wconf 92' lang='lat' dir='ltr'><strong>quem</strong></span> <span class='ocrx_word' id='word_1_46' title='bbox 1240 1369 1306 1435; x_wconf 86' lang='lat' dir='ltr'><strong>dux</strong></span> <span class='ocrx_word' id='word_1_47' title='bbox 1329 1370 1375 1436; x_wconf 90' lang='lat' dir='ltr'><strong>sic</strong></span> <span class='ocrx_word' id='word_1_48' title='bbox 1397 1390 1475 1438; x_wconf 90' lang='lat' dir='ltr'><strong>voce</strong></span> <span class='ocrx_word' id='word_1_49' title='bbox 1498 1378 1638 1438; x_wconf 87' lang='lat' dir='ltr'><strong>secutus.</strong></span> 
     </span>
     <span class='ocr_line' id='line_1_9' title="bbox 747 1473 1704 1558; baseline -0.002 -19"><span class='ocrx_word' id='word_1_50' title='bbox 747 1484 827 1558; x_wconf 80' lang='lat' dir='ltr'><strong>‘quo</strong></span> <span class='ocrx_word' id='word_1_51' title='bbox 850 1473 954 1557; x_wconf 86' lang='lat' dir='ltr'><strong>fugis,</strong></span> <span class='ocrx_word' id='word_1_52' title='bbox 980 1473 1137 1540; x_wconf 81' lang='lat' dir='ltr'><strong>Antalas?</strong></span> <span class='ocrx_word' id='word_1_53' title='bbox 1181 1474 1262 1540; x_wconf 88' lang='lat' dir='ltr'><strong>haec</strong></span> <span class='ocrx_word' id='word_1_54' title='bbox 1285 1480 1359 1541; x_wconf 88' lang='lat' dir='ltr'><strong>sunt</strong></span> <span class='ocrx_word' id='word_1_55' title='bbox 1380 1474 1562 1541; x_wconf 74' lang='lat' dir='ltr'><strong>minitantia</strong></span> <span class='ocrx_word' id='word_1_56' title='bbox 1584 1475 1704 1541; x_wconf 72' lang='lat' dir='ltr'><strong>verba?</strong></span> 
     </span>
     <span class='ocr_line' id='line_1_10' title="bbox 743 1577 1622 1662; baseline 0 -19"><span class='ocrx_word' id='word_1_57' title='bbox 743 1577 845 1645; x_wconf 90' lang='lat' dir='ltr'><strong>milite</strong></span> <span class='ocrx_word' id='word_1_58' title='bbox 867 1597 938 1642; x_wconf 89' lang='lat' dir='ltr'><strong>cum</strong></span> <span class='ocrx_word' id='word_1_59' title='bbox 961 1597 1060 1662; x_wconf 86' lang='lat' dir='ltr'><strong>parvo</strong></span> <span class='ocrx_word' id='word_1_60' title='bbox 1081 1578 1216 1644; x_wconf 83' lang='lat' dir='ltr'><strong>veniens</strong></span> <span class='ocrx_word' id='word_1_61' title='bbox 1239 1584 1331 1644; x_wconf 90' lang='lat' dir='ltr'><strong>vocat</strong></span> <span class='ocrx_word' id='word_1_62' title='bbox 1352 1597 1427 1644; x_wconf 90' lang='lat' dir='ltr'><strong>ecoe</strong></span> <span class='ocrx_word' id='word_1_63' title='bbox 1449 1578 1622 1645; x_wconf 87' lang='lat' dir='ltr'><strong>lohannes.</strong></span> 
     </span>
     <span class='ocr_line' id='line_1_11' title="bbox 744 1679 1567 1765; baseline 0 -18"><span class='ocrx_word' id='word_1_64' title='bbox 744 1702 806 1765; x_wconf 93' lang='lat' dir='ltr'><strong>quo</strong></span> <span class='ocrx_word' id='word_1_65' title='bbox 828 1681 923 1748; x_wconf 86' lang='lat' dir='ltr'><strong>velox</strong></span> <span class='ocrx_word' id='word_1_66' title='bbox 945 1679 1090 1747; x_wconf 86' lang='lat' dir='ltr'><strong>deflectis</strong></span> <span class='ocrx_word' id='word_1_67' title='bbox 1111 1680 1193 1749; x_wconf 74' lang='lat' dir='ltr'><strong>iteri</strong></span> <span class='ocrx_word' id='word_1_68' title='bbox 1237 1680 1329 1746; x_wconf 90' lang='lat' dir='ltr'><strong>modo</strong></span> <span class='ocrx_word' id='word_1_69' title='bbox 1352 1680 1472 1748; x_wconf 88' lang='lat' dir='ltr'><strong>iudicet</strong></span> <span class='ocrx_word' id='word_1_70' title='bbox 1493 1682 1567 1764; x_wconf 86' lang='lat' dir='ltr'><strong>ille,</strong></span> 
     </span>
     <span class='ocr_line' id='line_1_12' title="bbox 745 1784 1706 1870; baseline -0.001 -19"><span class='ocrx_word' id='word_1_71' title='bbox 745 1785 800 1870; x_wconf 92' lang='lat' dir='ltr'><strong>qui</strong></span> <span class='ocrx_word' id='word_1_72' title='bbox 820 1785 945 1852; x_wconf 87' lang='lat' dir='ltr'><strong>caelum</strong></span> <span class='ocrx_word' id='word_1_73' title='bbox 968 1791 1148 1868; x_wconf 89' lang='lat' dir='ltr'><strong>terramque</strong></span> <span class='ocrx_word' id='word_1_74' title='bbox 1170 1790 1292 1865; x_wconf 83' lang='lat' dir='ltr'><strong>movet,</strong></span> <span class='ocrx_word' id='word_1_75' title='bbox 1318 1784 1373 1869; x_wconf 93' lang='lat' dir='ltr'><strong>qui</strong></span> <span class='ocrx_word' id='word_1_76' title='bbox 1395 1785 1533 1851; x_wconf 83' lang='lat' dir='ltr'><strong>fulmina</strong></span> <span class='ocrx_word' id='word_1_77' title='bbox 1555 1788 1706 1870; x_wconf 80' lang='lat' dir='ltr'><strong>torquet‘.</strong></span> 
     </span>
     <span class='ocr_line' id='line_1_13' title="bbox 745 1887 1458 1971; baseline -0.001 -17"><span class='ocrx_word' id='word_1_78' title='bbox 745 1889 825 1955; x_wconf 88' lang='lat' dir='ltr'><strong>talia</strong></span> <span class='ocrx_word' id='word_1_79' title='bbox 846 1887 988 1954; x_wconf 86' lang='lat' dir='ltr'><strong>narranti</strong></span> <span class='ocrx_word' id='word_1_80' title='bbox 1010 1906 1145 1971; x_wconf 91' lang='lat' dir='ltr'><strong>seseque</strong></span> <span class='ocrx_word' id='word_1_81' title='bbox 1167 1888 1201 1952; x_wconf 94' lang='lat' dir='ltr'><strong>in</strong></span> <span class='ocrx_word' id='word_1_82' title='bbox 1222 1887 1311 1953; x_wconf 90' lang='lat' dir='ltr'><strong>bella</strong></span> <span class='ocrx_word' id='word_1_83' title='bbox 1333 1887 1458 1953; x_wconf 89' lang='lat' dir='ltr'><strong>vocanti</strong></span> 
     </span>
     <span class='ocr_line' id='line_1_14' title="bbox 746 1991 1604 2074; baseline -0.002 -15"><span class='ocrx_word' id='word_1_84' title='bbox 746 1992 888 2072; x_wconf 83' lang='lat' dir='ltr'><strong>erubuit,</strong></span> <span class='ocrx_word' id='word_1_85' title='bbox 916 2010 1126 2074; x_wconf 87' lang='lat' dir='ltr'><strong>maerensque</strong></span> <span class='ocrx_word' id='word_1_86' title='bbox 1148 1991 1216 2056; x_wconf 89' lang='lat' dir='ltr'><strong>suis</strong></span> <span class='ocrx_word' id='word_1_87' title='bbox 1238 2010 1273 2058; x_wconf 87' lang='lat' dir='ltr'><strong>se</strong></span> <span class='ocrx_word' id='word_1_88' title='bbox 1294 1991 1468 2057; x_wconf 78' lang='lat' dir='ltr'><strong>immiscuit</strong></span> <span class='ocrx_word' id='word_1_89' title='bbox 1489 1991 1604 2074; x_wconf 84' lang='lat' dir='ltr'><strong>armis,</strong></span> 
     </span>
     <span class='ocr_line' id='line_1_15' title="bbox 746 2093 1515 2178; baseline -0.003 -16"><span class='ocrx_word' id='word_1_90' title='bbox 746 2117 818 2162; x_wconf 91' lang='lat' dir='ltr'><strong>cum</strong></span> <span class='ocrx_word' id='word_1_91' title='bbox 840 2095 968 2178; x_wconf 91' lang='lat' dir='ltr'><strong>magica</strong></span> <span class='ocrx_word' id='word_1_92' title='bbox 989 2093 1093 2161; x_wconf 91' lang='lat' dir='ltr'><strong>subito</strong></span> <span class='ocrx_word' id='word_1_93' title='bbox 1115 2101 1226 2160; x_wconf 89' lang='lat' dir='ltr'><strong>taurus</strong></span> <span class='ocrx_word' id='word_1_94' title='bbox 1249 2093 1426 2160; x_wconf 76' lang='lat' dir='ltr'><strong>demittitur</strong></span> <span class='ocrx_word' id='word_1_95' title='bbox 1446 2101 1515 2160; x_wconf 83' lang='lat' dir='ltr'><strong>arte</strong></span> 
     </span>
     <span class='ocr_line' id='line_1_16' title="bbox 747 2196 1677 2281; baseline -0.002 -16"><span class='ocrx_word' id='word_1_96' title='bbox 747 2200 927 2265; x_wconf 85' lang='lat' dir='ltr'><strong>Maurorum</strong></span> <span class='ocrx_word' id='word_1_97' title='bbox 950 2219 968 2265; x_wconf 92' lang='lat' dir='ltr'><strong>e</strong></span> <span class='ocrx_word' id='word_1_98' title='bbox 991 2197 1112 2279; x_wconf 89' lang='lat' dir='ltr'><strong>medio,</strong></span> <span class='ocrx_word' id='word_1_99' title='bbox 1138 2203 1267 2279; x_wconf 89' lang='lat' dir='ltr'><strong>taurus,</strong></span> <span class='ocrx_word' id='word_1_100' title='bbox 1293 2218 1388 2281; x_wconf 90' lang='lat' dir='ltr'><strong>quern</strong></span> <span class='ocrx_word' id='word_1_101' title='bbox 1410 2198 1505 2264; x_wconf 88' lang='lat' dir='ltr'><strong>lerna</strong></span> <span class='ocrx_word' id='word_1_102' title='bbox 1527 2196 1677 2264; x_wconf 86' lang='lat' dir='ltr'><strong>sacerdos</strong></span> 
     </span>
     <span class='ocr_line' id='line_1_17' title="bbox 747 2300 1570 2386; baseline -0.002 -18"><span class='ocrx_word' id='word_1_103' title='bbox 747 2310 843 2386; x_wconf 89' lang='lat' dir='ltr'><strong>atque</strong></span> <span class='ocrx_word' id='word_1_104' title='bbox 864 2301 950 2368; x_wconf 90' lang='lat' dir='ltr'><strong>idem</strong></span> <span class='ocrx_word' id='word_1_105' title='bbox 973 2301 1078 2385; x_wconf 89' lang='lat' dir='ltr'><strong>gentis</strong></span> <span class='ocrx_word' id='word_1_106' title='bbox 1101 2308 1257 2367; x_wconf 87' lang='lat' dir='ltr'><strong>rectorum</strong></span> <span class='ocrx_word' id='word_1_107' title='bbox 1279 2300 1438 2367; x_wconf 88' lang='lat' dir='ltr'><strong>maximus</strong></span> <span class='ocrx_word' id='word_1_108' title='bbox 1460 2307 1570 2367; x_wconf 89' lang='lat' dir='ltr'><strong>auctor</strong></span> 
     </span>
     <span class='ocr_line' id='line_1_18' title="bbox 747 2404 1573 2488; baseline -0.001 -16"><span class='ocrx_word' id='word_1_109' title='bbox 747 2406 899 2488; x_wconf 85' lang='lat' dir='ltr'><strong>finxerat,</strong></span> <span class='ocrx_word' id='word_1_110' title='bbox 925 2404 1085 2470; x_wconf 83' lang='lat' dir='ltr'><strong>Ammonii</strong></span> <span class='ocrx_word' id='word_1_111' title='bbox 1107 2404 1289 2488; x_wconf 90' lang='lat' dir='ltr'><strong>signantem</strong></span> <span class='ocrx_word' id='word_1_112' title='bbox 1311 2404 1440 2470; x_wconf 89' lang='lat' dir='ltr'><strong>numine</strong></span> <span class='ocrx_word' id='word_1_113' title='bbox 1464 2404 1573 2471; x_wconf 83' lang='lat' dir='ltr'><strong>Gumil</strong></span> 
     </span>
     <span class='ocr_line' id='line_1_19' title="bbox 748 2507 1572 2593; baseline 0.001 -19"><span class='ocrx_word' id='word_1_114' title='bbox 748 2509 857 2575; x_wconf 90' lang='lat' dir='ltr'><strong>omina</strong></span> <span class='ocrx_word' id='word_1_115' title='bbox 878 2508 981 2593; x_wconf 88' lang='lat' dir='ltr'><strong>prima</strong></span> <span class='ocrx_word' id='word_1_116' title='bbox 1003 2507 1082 2575; x_wconf 91' lang='lat' dir='ltr'><strong>suis.</strong></span> <span class='ocrx_word' id='word_1_117' title='bbox 1128 2508 1224 2574; x_wconf 85' lang='lat' dir='ltr'><strong>celsis</strong></span> <span class='ocrx_word' id='word_1_118' title='bbox 1246 2514 1323 2573; x_wconf 88' lang='lat' dir='ltr'><strong>tuno</strong></span> <span class='ocrx_word' id='word_1_119' title='bbox 1345 2507 1492 2575; x_wconf 86' lang='lat' dir='ltr'><strong>comibus</strong></span> <span class='ocrx_word' id='word_1_120' title='bbox 1513 2507 1572 2574; x_wconf 89' lang='lat' dir='ltr'><strong>ille</strong></span> 
     </span>
     <span class='ocr_line' id='line_1_20' title="bbox 748 2610 1666 2696; baseline -0.003 -19"><span class='ocrx_word' id='word_1_121' title='bbox 748 2612 830 2678; x_wconf 87' lang='lat' dir='ltr'><strong>inter·</strong></span> <span class='ocrx_word' id='word_1_122' title='bbox 852 2619 1000 2694; x_wconf 84' lang='lat' dir='ltr'><strong>utrosque</strong></span> <span class='ocrx_word' id='word_1_123' title='bbox 1023 2610 1114 2693; x_wconf 88' lang='lat' dir='ltr'><strong>furit,</strong></span> <span class='ocrx_word' id='word_1_124' title='bbox 1141 2610 1259 2678; x_wconf 89' lang='lat' dir='ltr'><strong>dubius</strong></span> <span class='ocrx_word' id='word_1_125' title='bbox 1281 2632 1344 2695; x_wconf 94' lang='lat' dir='ltr'><strong>qua</strong></span> <span class='ocrx_word' id='word_1_126' title='bbox 1366 2617 1527 2696; x_wconf 79' lang='lat' dir='ltr'><strong>rumperet</strong></span> <span class='ocrx_word' id='word_1_127' title='bbox 1548 2611 1666 2678; x_wconf 88' lang='lat' dir='ltr'><strong>hostes.</strong></span> 
     </span>
     <span class='ocr_line' id='line_1_21' title="bbox 747 2713 1648 2800; baseline 0 -20"><span class='ocrx_word' id='word_1_128' title='bbox 747 2714 879 2799; x_wconf 86' lang='lat' dir='ltr'><strong>agmina</strong></span> <span class='ocrx_word' id='word_1_129' title='bbox 900 2713 976 2780; x_wconf 89' lang='lat' dir='ltr'><strong>dum</strong></span> <span class='ocrx_word' id='word_1_130' title='bbox 998 2714 1176 2800; x_wconf 83' lang='lat' dir='ltr'><strong>trepidant,</strong></span> <span class='ocrx_word' id='word_1_131' title='bbox 1204 2733 1314 2779; x_wconf 87' lang='lat' dir='ltr'><strong>cursus</strong></span> <span class='ocrx_word' id='word_1_132' title='bbox 1336 2734 1394 2799; x_wconf 88' lang='lat' dir='ltr'><strong>per</strong></span> <span class='ocrx_word' id='word_1_133' title='bbox 1415 2714 1541 2798; x_wconf 83' lang='lat' dir='ltr'><strong>Syrtica</strong></span> <span class='ocrx_word' id='word_1_134' title='bbox 1562 2714 1648 2799; x_wconf 87' lang='lat' dir='ltr'><strong>rupit</strong></span> 
     </span>
     <span class='ocr_line' id='line_1_22' title="bbox 747 2817 1650 2903; baseline -0.002 -19"><span class='ocrx_word' id='word_1_135' title='bbox 747 2817 950 2903; x_wconf 85' lang='lat' dir='ltr'><strong>ingrediens,</strong></span> <span class='ocrx_word' id='word_1_136' title='bbox 975 2817 1154 2902; x_wconf 87' lang='lat' dir='ltr'><strong>iterumque</strong></span> <span class='ocrx_word' id='word_1_137' title='bbox 1176 2818 1266 2883; x_wconf 85' lang='lat' dir='ltr'><strong>ferox</strong></span> <span class='ocrx_word' id='word_1_138' title='bbox 1289 2837 1348 2883; x_wconf 89' lang='lat' dir='ltr'><strong>sua</strong></span> <span class='ocrx_word' id='word_1_139' title='bbox 1370 2824 1476 2884; x_wconf 88' lang='lat' dir='ltr'><strong>castra</strong></span> <span class='ocrx_word' id='word_1_140' title='bbox 1497 2817 1650 2903; x_wconf 80' lang='lat' dir='ltr'><strong>poposcit.</strong></span> 
     </span>
     <span class='ocr_line' id='line_1_23' title="bbox 748 2919 1753 3003; baseline -0.002 -16"><span class='ocrx_word' id='word_1_141' title='bbox 748 2922 833 2987; x_wconf 92' lang='lat' dir='ltr'><strong>huuc</strong></span> <span class='ocrx_word' id='word_1_142' title='bbox 855 2919 999 3003; x_wconf 85' lang='lat' dir='ltr'><strong>sequitur</strong></span> <span class='ocrx_word' id='word_1_143' title='bbox 1020 2921 1182 2987; x_wconf 88' lang='lat' dir='ltr'><strong>Romanus</strong></span> <span class='ocrx_word' id='word_1_144' title='bbox 1205 2939 1304 3003; x_wconf 85' lang='lat' dir='ltr'><strong>eques</strong></span> <span class='ocrx_word' id='word_1_145' title='bbox 1325 2922 1560 3003; x_wconf 91' lang='lat' dir='ltr'><strong>tremulumque</strong></span> <span class='ocrx_word' id='word_1_146' title='bbox 1583 2921 1642 2986; x_wconf 89' lang='lat' dir='ltr'><strong>sub</strong></span> <span class='ocrx_word' id='word_1_147' title='bbox 1664 2941 1753 2985; x_wconf 90' lang='lat' dir='ltr'><strong>anno</strong></span> 
     </span>
     <span class='ocr_line' id='line_1_24' title="bbox 749 3022 1595 3108; baseline -0.001 -19"><span class='ocrx_word' id='word_1_148' title='bbox 749 3023 873 3089; x_wconf 91' lang='lat' dir='ltr'><strong>missile</strong></span> <span class='ocrx_word' id='word_1_149' title='bbox 895 3029 1105 3107; x_wconf 78' lang='lat' dir='ltr'><strong>contorquens</strong></span> <span class='ocrx_word' id='word_1_150' title='bbox 1127 3022 1242 3089; x_wconf 87' lang='lat' dir='ltr'><strong>mediis</strong></span> <span class='ocrx_word' id='word_1_151' title='bbox 1264 3023 1434 3108; x_wconf 80' lang='lat' dir='ltr'><strong>prostravit</strong></span> <span class='ocrx_word' id='word_1_152' title='bbox 1455 3023 1595 3090; x_wconf 89' lang='lat' dir='ltr'><strong>harenis.</strong></span> 
     </span>
     <span class='ocr_line' id='line_1_25' title="bbox 750 3126 1538 3213; baseline 0 -21"><span class='ocrx_word' id='word_1_153' title='bbox 750 3126 874 3213; x_wconf 89' lang='lat' dir='ltr'><strong>proelia</strong></span> <span class='ocrx_word' id='word_1_154' title='bbox 895 3126 1062 3193; x_wconf 87' lang='lat' dir='ltr'><strong>raucis&#39;ono</strong></span> <span class='ocrx_word' id='word_1_155' title='bbox 1084 3127 1267 3193; x_wconf 88' lang='lat' dir='ltr'><strong>cecinerunt</strong></span> <span class='ocrx_word' id='word_1_156' title='bbox 1290 3147 1408 3194; x_wconf 88' lang='lat' dir='ltr'><strong>cornua</strong></span> <span class='ocrx_word' id='word_1_157' title='bbox 1431 3135 1538 3194; x_wconf 88' lang='lat' dir='ltr'><strong>cantu.</strong></span> 
     </span>
     <span class='ocr_line' id='line_1_26' title="bbox 750 3230 1562 3299; baseline -0.001 -2"><span class='ocrx_word' id='word_1_158' title='bbox 750 3231 871 3298; x_wconf 88' lang='lat' dir='ltr'><strong>tollitur</strong></span> <span class='ocrx_word' id='word_1_159' title='bbox 890 3230 967 3297; x_wconf 89' lang='lat' dir='ltr'><strong>inde</strong></span> <span class='ocrx_word' id='word_1_160' title='bbox 990 3249 1091 3296; x_wconf 78' lang='lat' dir='ltr'><strong>nouus</strong></span> <span class='ocrx_word' id='word_1_161' title='bbox 1113 3230 1224 3299; x_wconf 87' lang='lat' dir='ltr'><strong>fractis</strong></span> <span class='ocrx_word' id='word_1_162' title='bbox 1246 3230 1289 3298; x_wconf 86' lang='lat' dir='ltr'><strong>ad</strong></span> <span class='ocrx_word' id='word_1_163' title='bbox 1311 3230 1420 3298; x_wconf 89' lang='lat' dir='ltr'><strong>sidera</strong></span> <span class='ocrx_word' id='word_1_164' title='bbox 1442 3232 1562 3297; x_wconf 89' lang='lat' dir='ltr'><strong>clamor</strong></span> 
     </span>
     <span class='ocr_line' id='line_1_27' title="bbox 750 3333 1570 3420; baseline -0.002 -19"><span class='ocrx_word' id='word_1_165' title='bbox 750 3335 898 3417; x_wconf 85' lang='lat' dir='ltr'><strong>vocibus,</strong></span> <span class='ocrx_word' id='word_1_166' title='bbox 925 3341 957 3401; x_wconf 90' lang='lat' dir='ltr'><strong>et</strong></span> <span class='ocrx_word' id='word_1_167' title='bbox 978 3333 1106 3419; x_wconf 85' lang='lat' dir='ltr'><strong>mugnis</strong></span> <span class='ocrx_word' id='word_1_168' title='bbox 1128 3333 1306 3401; x_wconf 90' lang='lat' dir='ltr'><strong>ululatibus</strong></span> <span class='ocrx_word' id='word_1_169' title='bbox 1328 3334 1421 3401; x_wconf 88' lang='lat' dir='ltr'><strong>ardet</strong></span> <span class='ocrx_word' id='word_1_170' title='bbox 1442 3334 1570 3420; x_wconf 81' lang='lat' dir='ltr'><strong>Erinys.</strong></span> 
     </span>
     <span class='ocr_line' id='line_1_28' title="bbox 752 3437 1708 3523; baseline -0.001 -17"><span class='ocrx_word' id='word_1_171' title='bbox 752 3445 921 3523; x_wconf 88' lang='lat' dir='ltr'><strong>concrepat</strong></span> <span class='ocrx_word' id='word_1_172' title='bbox 943 3457 1035 3503; x_wconf 91' lang='lat' dir='ltr'><strong>omne</strong></span> <span class='ocrx_word' id='word_1_173' title='bbox 1057 3455 1180 3503; x_wconf 89' lang='lat' dir='ltr'><strong>nemus.</strong></span> <span class='ocrx_word' id='word_1_174' title='bbox 1228 3444 1305 3503; x_wconf 88' lang='lat' dir='ltr'><strong>tunc</strong></span> <span class='ocrx_word' id='word_1_175' title='bbox 1327 3437 1431 3504; x_wconf 91' lang='lat' dir='ltr'><strong>omnis</strong></span> <span class='ocrx_word' id='word_1_176' title='bbox 1453 3444 1607 3505; x_wconf 86' lang='lat' dir='ltr'><strong>consonat</strong></span> <span class='ocrx_word' id='word_1_177' title='bbox 1629 3438 1708 3505; x_wconf 92' lang='lat' dir='ltr'><strong>echo</strong></span> 
     </span>
     <span class='ocr_line' id='line_1_29' title="bbox 749 3538 1587 3628; baseline -0.002 -19"><span class='ocrx_word' id='word_1_178' title='bbox 749 3542 919 3628; x_wconf 84' lang='lat' dir='ltr'><strong>gentihus,</strong></span> <span class='ocrx_word' id='word_1_179' title='bbox 945 3547 978 3608; x_wconf 88' lang='lat' dir='ltr'><strong>et</strong></span> <span class='ocrx_word' id='word_1_180' title='bbox 998 3538 1105 3606; x_wconf 86' lang='lat' dir='ltr'><strong>varias</strong></span> <span class='ocrx_word' id='word_1_181' title='bbox 1127 3540 1269 3607; x_wconf 88' lang='lat' dir='ltr'><strong>imitatur</strong></span> <span class='ocrx_word' id='word_1_182' title='bbox 1291 3540 1425 3608; x_wconf 88' lang='lat' dir='ltr'><strong>reddero</strong></span> <span class='ocrx_word' id='word_1_183' title='bbox 1447 3542 1587 3625; x_wconf 89' lang='lat' dir='ltr'><strong>linguas.</strong></span> 
     </span>
     <span class='ocr_line' id='line_1_30' title="bbox 750 3643 1563 3713; baseline -0.002 0"><span class='ocrx_word' id='word_1_184' title='bbox 750 3646 826 3713; x_wconf 87' lang='lat' dir='ltr'><strong>hinc</strong></span> <span class='ocrx_word' id='word_1_185' title='bbox 847 3644 985 3712; x_wconf 86' lang='lat' dir='ltr'><strong>Sinifere</strong></span> <span class='ocrx_word' id='word_1_186' title='bbox 1007 3662 1127 3710; x_wconf 91' lang='lat' dir='ltr'><strong>vocans</strong></span> <span class='ocrx_word' id='word_1_187' title='bbox 1148 3643 1236 3710; x_wconf 90' lang='lat' dir='ltr'><strong>acies</strong></span> <span class='ocrx_word' id='word_1_188' title='bbox 1257 3644 1424 3710; x_wconf 85' lang='lat' dir='ltr'><strong>Maurusia</strong></span> <span class='ocrx_word' id='word_1_189' title='bbox 1445 3646 1563 3711; x_wconf 85' lang='lat' dir='ltr'><strong>clamat</strong></span> 
     </span>
     <span class='ocr_line' id='line_1_31' title="bbox 750 3747 1601 3832; baseline -0.001 -17"><span class='ocrx_word' id='word_1_190' title='bbox 750 3749 985 3832; x_wconf 88' lang='lat' dir='ltr'><strong>Mastimanque</strong></span> <span class='ocrx_word' id='word_1_191' title='bbox 1007 3747 1121 3813; x_wconf 84' lang='lat' dir='ltr'><strong>ferum.</strong></span> <span class='ocrx_word' id='word_1_192' title='bbox 1167 3747 1338 3814; x_wconf 84' lang='lat' dir='ltr'><strong>Mastiman</strong></span> <span class='ocrx_word' id='word_1_193' title='bbox 1361 3754 1493 3815; x_wconf 84' lang='lat' dir='ltr'><strong>assonat</strong></span> <span class='ocrx_word' id='word_1_194' title='bbox 1513 3748 1601 3816; x_wconf 89' lang='lat' dir='ltr'><strong>echo.</strong></span> 
     </span>
     <span class='ocr_line' id='line_1_32' title="bbox 750 3850 1649 3920; baseline -0.003 0"><span class='ocrx_word' id='word_1_195' title='bbox 750 3852 826 3920; x_wconf 89' lang='lat' dir='ltr'><strong>inde</strong></span> <span class='ocrx_word' id='word_1_196' title='bbox 848 3851 956 3918; x_wconf 86' lang='lat' dir='ltr'><strong>ferunt</strong></span> <span class='ocrx_word' id='word_1_197' title='bbox 977 3850 1099 3916; x_wconf 82' lang='lat' dir='ltr'><strong>Gumil.</strong></span> <span class='ocrx_word' id='word_1_198' title='bbox 1146 3850 1256 3916; x_wconf 80' lang='lat' dir='ltr'><strong>Gumil</strong></span> <span class='ocrx_word' id='word_1_199' title='bbox 1279 3870 1361 3917; x_wconf 85' lang='lat' dir='ltr'><strong>cava</strong></span> <span class='ocrx_word' id='word_1_200' title='bbox 1382 3871 1462 3918; x_wconf 83' lang='lat' dir='ltr'><strong>saxa</strong></span> <span class='ocrx_word' id='word_1_201' title='bbox 1482 3853 1649 3919; x_wconf 89' lang='lat' dir='ltr'><strong>resultant.</strong></span> 
     </span>
     <span class='ocr_line' id='line_1_33' title="bbox 751 3954 1659 4022; baseline 0 -1"><span class='ocrx_word' id='word_1_202' title='bbox 751 3955 826 4021; x_wconf 91' lang='lat' dir='ltr'><strong>hinc</strong></span> <span class='ocrx_word' id='word_1_203' title='bbox 847 3955 991 4022; x_wconf 85' lang='lat' dir='ltr'><strong>Romana</strong></span> <span class='ocrx_word' id='word_1_204' title='bbox 1012 3973 1126 4020; x_wconf 90' lang='lat' dir='ltr'><strong>manus</strong></span> <span class='ocrx_word' id='word_1_205' title='bbox 1148 3954 1340 4021; x_wconf 87' lang='lat' dir='ltr'><strong>conturbans</strong></span> <span class='ocrx_word' id='word_1_206' title='bbox 1362 3955 1494 4021; x_wconf 88' lang='lat' dir='ltr'><strong>vocibus</strong></span> <span class='ocrx_word' id='word_1_207' title='bbox 1515 3956 1659 4022; x_wconf 89' lang='lat' dir='ltr'><strong>aethram</strong></span> 
     </span>
     <span class='ocr_line' id='line_1_34' title="bbox 751 4057 1652 4142; baseline -0.003 -16"><span class='ocrx_word' id='word_1_208' title='bbox 751 4059 892 4139; x_wconf 86' lang='lat' dir='ltr'><strong>intonat,</strong></span> <span class='ocrx_word' id='word_1_209' title='bbox 918 4064 950 4124; x_wconf 91' lang='lat' dir='ltr'><strong>et</strong></span> <span class='ocrx_word' id='word_1_210' title='bbox 971 4057 1099 4140; x_wconf 90' lang='lat' dir='ltr'><strong>quassis</strong></span> <span class='ocrx_word' id='word_1_211' title='bbox 1122 4064 1289 4142; x_wconf 84' lang='lat' dir='ltr'><strong>regemunt</strong></span> <span class='ocrx_word' id='word_1_212' title='bbox 1309 4064 1461 4124; x_wconf 87' lang='lat' dir='ltr'><strong>montana</strong></span> <span class='ocrx_word' id='word_1_213' title='bbox 1481 4059 1652 4126; x_wconf 90' lang='lat' dir='ltr'><strong>barathris.</strong></span> 
     </span>
     <span class='ocr_line' id='line_1_35' title="bbox 752 4159 1670 4230; baseline -0.001 -2"><span class='ocrx_word' id='word_1_214' title='bbox 752 4183 815 4230; x_wconf 88' lang='lat' dir='ltr'><strong>vox</strong></span> <span class='ocrx_word' id='word_1_215' title='bbox 837 4159 1023 4227; x_wconf 84' lang='lat' dir='ltr'><strong>veneranda</strong></span> <span class='ocrx_word' id='word_1_216' title='bbox 1044 4160 1138 4226; x_wconf 91' lang='lat' dir='ltr'><strong>canit.</strong></span> <span class='ocrx_word' id='word_1_217' title='bbox 1187 4161 1342 4227; x_wconf 83' lang='lat' dir='ltr'><strong>clamatur</strong></span> <span class='ocrx_word' id='word_1_218' title='bbox 1363 4161 1490 4229; x_wconf 91' lang='lat' dir='ltr'><strong>nomine</strong></span> <span class='ocrx_word' id='word_1_219' title='bbox 1513 4163 1670 4229; x_wconf 81' lang='lat' dir='ltr'><strong>Christus.</strong></span> 
     </span>
     <span class='ocr_line' id='line_1_36' title="bbox 757 4262 1541 4349; baseline 0.001 -18"><span class='ocrx_word' id='word_1_220' title='bbox 757 4264 968 4345; x_wconf 84' lang='lat' dir='ltr'><strong>‘Iustinianc‚</strong></span> <span class='ocrx_word' id='word_1_221' title='bbox 993 4264 1057 4331; x_wconf 89' lang='lat' dir='ltr'><strong>tuis</strong></span> <span class='ocrx_word' id='word_1_222' title='bbox 1078 4269 1201 4349; x_wconf 83' lang='lat' dir='ltr'><strong>pugnet</strong></span> <span class='ocrx_word' id='word_1_223' title='bbox 1221 4262 1411 4331; x_wconf 86' lang='lat' dir='ltr'><strong>fortissimus</strong></span> <span class='ocrx_word' id='word_1_224' title='bbox 1432 4265 1541 4332; x_wconf 90' lang='lat' dir='ltr'><strong>armis.</strong></span> 
     </span>
     <span class='ocr_line' id='line_1_37' title="bbox 754 4366 1657 4454; baseline -0.001 -20"><span class='ocrx_word' id='word_1_225' title='bbox 754 4367 907 4454; x_wconf 90' lang='lat' dir='ltr'><strong>principis</strong></span> <span class='ocrx_word' id='word_1_226' title='bbox 927 4366 1096 4452; x_wconf 89' lang='lat' dir='ltr'><strong>imperium</strong></span> <span class='ocrx_word' id='word_1_227' title='bbox 1118 4367 1236 4449; x_wconf 87' lang='lat' dir='ltr'><strong>nostri,</strong></span> <span class='ocrx_word' id='word_1_228' title='bbox 1262 4373 1353 4452; x_wconf 88' lang='lat' dir='ltr'><strong>pater</strong></span> <span class='ocrx_word' id='word_1_229' title='bbox 1374 4367 1509 4451; x_wconf 89' lang='lat' dir='ltr'><strong>optime,</strong></span> <span class='ocrx_word' id='word_1_230' title='bbox 1536 4372 1657 4435; x_wconf 86' lang='lat' dir='ltr'><strong>serva&#39;.</strong></span> 
     </span>
     <span class='ocr_line' id='line_1_38' title="bbox 754 4470 1591 4555; baseline 0.001 -18"><span class='ocrx_word' id='word_1_231' title='bbox 754 4470 935 4538; x_wconf 86' lang='lat' dir='ltr'><strong>adnomen</strong></span> <span class='ocrx_word' id='word_1_232' title='bbox 956 4478 1114 4537; x_wconf 84' lang='lat' dir='ltr'><strong>tremuere</strong></span> <span class='ocrx_word' id='word_1_233' title='bbox 1136 4470 1220 4555; x_wconf 83' lang='lat' dir='ltr'><strong>poli,</strong></span> <span class='ocrx_word' id='word_1_234' title='bbox 1244 4477 1403 4536; x_wconf 90' lang='lat' dir='ltr'><strong>tremuere</strong></span> <span class='ocrx_word' id='word_1_235' title='bbox 1424 4478 1591 4554; x_wconf 88' lang='lat' dir='ltr'><strong>gementes</strong></span> 
     </span>
     <span class='ocr_line' id='line_1_39' title="bbox 755 4572 1503 4657; baseline -0.005 -15"><span class='ocrx_word' id='word_1_236' title='bbox 755 4592 911 4642; x_wconf 87' lang='lat' dir='ltr'><strong>concussa</strong></span> <span class='ocrx_word' id='word_1_237' title='bbox 931 4573 1063 4653; x_wconf 84' lang='lat' dir='ltr'><strong>tellure,</strong></span> <span class='ocrx_word' id='word_1_238' title='bbox 1089 4573 1174 4657; x_wconf 91' lang='lat' dir='ltr'><strong>iugis</strong></span> <span class='ocrx_word' id='word_1_239' title='bbox 1196 4579 1228 4639; x_wconf 88' lang='lat' dir='ltr'><strong>et</strong></span> <span class='ocrx_word' id='word_1_240' title='bbox 1248 4572 1368 4639; x_wconf 84' lang='lat' dir='ltr'><strong>vertice</strong></span> <span class='ocrx_word' id='word_1_241' title='bbox 1389 4573 1503 4640; x_wconf 86' lang='lat' dir='ltr'><strong>silvae.</strong></span> 
     </span>
     <span class='ocr_line' id='line_1_40' title="bbox 756 4676 1617 4762; baseline 0.002 -18"><span class='ocrx_word' id='word_1_242' title='bbox 756 4683 931 4744; x_wconf 86' lang='lat' dir='ltr'><strong>commotae</strong></span> <span class='ocrx_word' id='word_1_243' title='bbox 953 4696 1088 4762; x_wconf 90' lang='lat' dir='ltr'><strong>paruere</strong></span> <span class='ocrx_word' id='word_1_244' title='bbox 1110 4676 1210 4758; x_wconf 89' lang='lat' dir='ltr'><strong>quati.</strong></span> <span class='ocrx_word' id='word_1_245' title='bbox 1256 4683 1443 4760; x_wconf 87' lang='lat' dir='ltr'><strong>montesque</strong></span> <span class='ocrx_word' id='word_1_246' title='bbox 1464 4677 1617 4761; x_wconf 87' lang='lat' dir='ltr'><strong>lacusque</strong></span> 
     </span>
     <span class='ocr_line' id='line_1_41' title="bbox 756 4779 1639 4866; baseline 0 -19"><span class='ocrx_word' id='word_1_247' title='bbox 756 4801 854 4847; x_wconf 90' lang='lat' dir='ltr'><strong>rauca</strong></span> <span class='ocrx_word' id='word_1_248' title='bbox 874 4785 1016 4864; x_wconf 88' lang='lat' dir='ltr'><strong>gemunt.</strong></span> <span class='ocrx_word' id='word_1_249' title='bbox 1063 4779 1148 4845; x_wconf 91' lang='lat' dir='ltr'><strong>orbis</strong></span> <span class='ocrx_word' id='word_1_250' title='bbox 1170 4779 1298 4845; x_wconf 78' lang='lat' dir='ltr'><strong>hemuit</strong></span> <span class='ocrx_word' id='word_1_251' title='bbox 1320 4799 1475 4866; x_wconf 88' lang='lat' dir='ltr'><strong>compage</strong></span> <span class='ocrx_word' id='word_1_252' title='bbox 1497 4781 1639 4863; x_wconf 88' lang='lat' dir='ltr'><strong>solutus,</strong></span> 
     </span>
     <span class='ocr_line' id='line_1_42' title="bbox 756 4882 1593 4966; baseline 0 -15"><span class='ocrx_word' id='word_1_253' title='bbox 756 4891 981 4966; x_wconf 86' lang='lat' dir='ltr'><strong>auctoremque</strong></span> <span class='ocrx_word' id='word_1_254' title='bbox 1003 4902 1096 4947; x_wconf 88' lang='lat' dir='ltr'><strong>suum</strong></span> <span class='ocrx_word' id='word_1_255' title='bbox 1118 4882 1239 4966; x_wconf 90' lang='lat' dir='ltr'><strong>linguis</strong></span> <span class='ocrx_word' id='word_1_256' title='bbox 1261 4883 1421 4950; x_wconf 82' lang='lat' dir='ltr'><strong>elementa</strong></span> <span class='ocrx_word' id='word_1_257' title='bbox 1441 4884 1593 4951; x_wconf 83' lang='lat' dir='ltr'><strong>fatentur.</strong></span> 
     </span>
     <span class='ocr_line' id='line_1_43' title="bbox 843 4985 1812 5070; baseline 0.002 -18"><span class='ocrx_word' id='word_1_258' title='bbox 843 4986 974 5052; x_wconf 86' lang='lat' dir='ltr'><strong>additus</strong></span> <span class='ocrx_word' id='word_1_259' title='bbox 996 4985 1071 5051; x_wconf 92' lang='lat' dir='ltr'><strong>hinc</strong></span> <span class='ocrx_word' id='word_1_260' title='bbox 1092 4985 1179 5051; x_wconf 87' lang='lat' dir='ltr'><strong>furor</strong></span> <span class='ocrx_word' id='word_1_261' title='bbox 1200 4992 1265 5069; x_wconf 88' lang='lat' dir='ltr'><strong>est,</strong></span> <span class='ocrx_word' id='word_1_262' title='bbox 1290 4986 1452 5070; x_wconf 88' lang='lat' dir='ltr'><strong>animique</strong></span> <span class='ocrx_word' id='word_1_263' title='bbox 1472 4987 1506 5052; x_wconf 92' lang='lat' dir='ltr'><strong>in</strong></span> <span class='ocrx_word' id='word_1_264' title='bbox 1529 4988 1616 5054; x_wconf 87' lang='lat' dir='ltr'><strong>bella</strong></span> <span class='ocrx_word' id='word_1_265' title='bbox 1637 4989 1812 5056; x_wconf 89' lang='lat' dir='ltr'><strong>calescunt.</strong></span> 
     </span>
     <span class='ocr_line' id='line_1_44' title="bbox 758 5089 1537 5172; baseline 0 -15"><span class='ocrx_word' id='word_1_266' title='bbox 758 5091 965 5161; x_wconf 84' lang='lat' dir='ltr'><strong>exhortantur</strong></span> <span class='ocrx_word' id='word_1_267' title='bbox 987 5109 1105 5172; x_wconf 84' lang='lat' dir='ltr'><strong>equos,</strong></span> <span class='ocrx_word' id='word_1_268' title='bbox 1131 5089 1299 5157; x_wconf 85' lang='lat' dir='ltr'><strong>effundunt</strong></span> <span class='ocrx_word' id='word_1_269' title='bbox 1320 5089 1387 5156; x_wconf 84' lang='lat' dir='ltr'><strong>teia</strong></span> <span class='ocrx_word' id='word_1_270' title='bbox 1408 5090 1537 5157; x_wconf 89' lang='lat' dir='ltr'><strong>lacertis</strong></span> 
     </span>
     <span class='ocr_line' id='line_1_45' title="bbox 759 5192 1645 5280; baseline -0.001 -20"><span class='ocrx_word' id='word_1_271' title='bbox 759 5194 867 5280; x_wconf 88' lang='lat' dir='ltr'><strong>spissa</strong></span> <span class='ocrx_word' id='word_1_272' title='bbox 888 5192 965 5277; x_wconf 85' lang='lat' dir='ltr'><strong>viri,</strong></span> <span class='ocrx_word' id='word_1_273' title='bbox 991 5192 1164 5278; x_wconf 89' lang='lat' dir='ltr'><strong>densisque</strong></span> <span class='ocrx_word' id='word_1_274' title='bbox 1186 5192 1279 5260; x_wconf 89' lang='lat' dir='ltr'><strong>iubar·</strong></span> <span class='ocrx_word' id='word_1_275' title='bbox 1300 5193 1449 5279; x_wconf 83' lang='lat' dir='ltr'><strong>pallescit</strong></span> <span class='ocrx_word' id='word_1_276' title='bbox 1469 5194 1511 5259; x_wconf 89' lang='lat' dir='ltr'><strong>ah</strong></span> <span class='ocrx_word' id='word_1_277' title='bbox 1533 5194 1645 5261; x_wconf 86' lang='lat' dir='ltr'><strong>hastis.</strong></span> 
     </span>
    </p>
   </div>
   <div class='ocr_carea' id='block_1_3' title="bbox 375 5454 1992 5605">
    <p class='ocr_par' dir='ltr' id='par_1_3' title="bbox 375 5454 1992 5605">
     <span class='ocr_line' id='line_1_46' title="bbox 442 5454 1991 5521; baseline 0.001 -14"><span class='ocrx_word' id='word_1_278' title='bbox 442 5457 492 5507; x_wconf 79' lang='grc'>654</span> <span class='ocrx_word' id='word_1_279' title='bbox 510 5459 663 5521; x_wconf 81' lang='lat' dir='ltr'><strong>agnouitque</strong></span> <span class='ocrx_word' id='word_1_280' title='bbox 678 5458 703 5519; x_wconf 81' lang='grc' dir='ltr'><strong>Τ,</strong></span> <span class='ocrx_word' id='word_1_281' title='bbox 723 5458 888 5519; x_wconf 85' lang='lat' dir='ltr'><strong>diguouitqne</strong></span> <span class='ocrx_word' id='word_1_282' title='bbox 900 5458 957 5517; x_wconf 77' lang='lat' dir='ltr'><strong>tcptt</strong></span> <span class='ocrx_word' id='word_1_283' title='bbox 970 5454 1048 5505; x_wconf 74' lang='lat' dir='ltr'><strong>Maza.</strong></span> <span class='ocrx_word' id='word_1_284' title='bbox 1154 5456 1219 5503; x_wconf 80' lang='lat' dir='ltr'><strong>celsa</strong></span> <span class='ocrx_word' id='word_1_285' title='bbox 1231 5456 1296 5504; x_wconf 87' lang='lat' dir='ltr'><strong>iuter</strong></span> <span class='ocrx_word' id='word_1_286' title='bbox 1309 5455 1419 5515; x_wconf 68' lang='lat' dir='ltr'><strong>anhm„</strong></span> <span class='ocrx_word' id='word_1_287' title='bbox 1440 5457 1506 5504; x_wconf 76' lang='lat' dir='ltr'><strong>cehe</strong></span> <span class='ocrx_word' id='word_1_288' title='bbox 1518 5469 1563 5518; x_wconf 89' lang='lat' dir='ltr'><strong>per</strong></span> <span class='ocrx_word' id='word_1_289' title='bbox 1579 5456 1607 5515; x_wconf 80' lang='grc' dir='ltr'><strong>Τ,</strong></span> <span class='ocrx_word' id='word_1_290' title='bbox 1626 5458 1720 5505; x_wconf 82' lang='lat' dir='ltr'><strong>celsum</strong></span> <span class='ocrx_word' id='word_1_291' title='bbox 1734 5471 1779 5519; x_wconf 91' lang='lat' dir='ltr'><strong>per</strong></span> <span class='ocrx_word' id='word_1_292' title='bbox 1790 5457 1905 5507; x_wconf 77' lang='lat' dir='ltr'><strong>dubitem</strong></span> <span class='ocrx_word' id='word_1_293' title='bbox 1917 5457 1991 5509; x_wconf 72' lang='lat' dir='ltr'><strong>nem.</strong></span> 
     </span>
     <span class='ocr_line' id='line_1_47' title="bbox 375 5541 1992 5605; baseline -0.001 -12"><span class='ocrx_word' id='word_1_294' title='bbox 375 5544 425 5593; x_wconf 85' lang='grc'><strong>666</strong></span> <span class='ocrx_word' id='word_1_295' title='bbox 443 5545 545 5593; x_wconf 76' lang='lat' dir='ltr'><strong>amtalm</strong></span> <span class='ocrx_word' id='word_1_296' title='bbox 562 5544 583 5593; x_wconf 88' lang='grc' dir='ltr'><em>Τ</em></span> <span class='ocrx_word' id='word_1_297' title='bbox 677 5545 828 5593; x_wconf 70' lang='lat' dir='ltr'><strong>minutiatis</strong></span> <span class='ocrx_word' id='word_1_298' title='bbox 844 5544 864 5591; x_wconf 94' lang='grc' dir='ltr'><em>Τ</em></span> <span class='ocrx_word' id='word_1_299' title='bbox 967 5542 1016 5591; x_wconf 73' lang='lat'><strong>662</strong></span> <span class='ocrx_word' id='word_1_300' title='bbox 1035 5542 1144 5591; x_wconf 74' lang='lat' dir='ltr'><strong>ueloci*</strong></span> <span class='ocrx_word' id='word_1_301' title='bbox 1245 5541 1295 5591; x_wconf 85' lang='grc'><strong>664</strong></span> <span class='ocrx_word' id='word_1_302' title='bbox 1313 5544 1422 5590; x_wconf 83' lang='lat' dir='ltr'><strong>narranti</strong></span> <span class='ocrx_word' id='word_1_303' title='bbox 1435 5542 1522 5603; x_wconf 74' lang='lat' dir='ltr'><strong>netu,</strong></span> <span class='ocrx_word' id='word_1_304' title='bbox 1542 5545 1663 5592; x_wconf 81' lang='lat' dir='ltr'><strong>narrantis</strong></span> <span class='ocrx_word' id='word_1_305' title='bbox 1678 5544 1699 5590; x_wconf 88' lang='grc' dir='ltr'><em>Τ</em></span> <span class='ocrx_word' id='word_1_306' title='bbox 1794 5543 1892 5592; x_wconf 74' lang='lat' dir='ltr'><strong>uocanti</strong></span> <span class='ocrx_word' id='word_1_307' title='bbox 1905 5542 1992 5605; x_wconf 67' lang='lat' dir='ltr'><strong>nest„</strong></span> 
     </span>
    </p>
   </div>
   <div class='ocr_carea' id='block_1_4' title="bbox 299 5626 1996 5691">
    <p class='ocr_par' dir='ltr' id='par_1_4' title="bbox 299 5626 1996 5691">
     <span class='ocr_line' id='line_1_48' title="bbox 299 5626 1996 5691; baseline -0.001 -12"><span class='ocrx_word' id='word_1_308' title='bbox 299 5636 302 5643; x_wconf 60' lang='lat'><strong>⁴</strong></span> <span class='ocrx_word' id='word_1_309' title='bbox 376 5636 496 5681; x_wconf 81' lang='lat' dir='ltr'><strong>nocantuc</strong></span> <span class='ocrx_word' id='word_1_310' title='bbox 519 5631 545 5691; x_wconf 93' lang='grc' dir='ltr'><strong>Τ,</strong></span> <span class='ocrx_word' id='word_1_311' title='bbox 572 5632 684 5679; x_wconf 77' lang='lat' dir='ltr'><strong>nocentis</strong></span> <span class='ocrx_word' id='word_1_312' title='bbox 702 5629 780 5679; x_wconf 72' lang='lat' dir='ltr'><strong>Musa.</strong></span> <span class='ocrx_word' id='word_1_313' title='bbox 886 5628 936 5679; x_wconf 88' lang='grc'><strong>666</strong></span> <span class='ocrx_word' id='word_1_314' title='bbox 954 5630 1037 5677; x_wconf 82' lang='lat' dir='ltr'><strong>subito</strong></span> <span class='ocrx_word' id='word_1_315' title='bbox 1054 5627 1114 5678; x_wconf 70' lang='lat' dir='ltr'><strong>aad.</strong></span> <span class='ocrx_word' id='word_1_316' title='bbox 1135 5626 1212 5676; x_wconf 72' lang='lat' dir='ltr'><strong>Muza.</strong></span> <span class='ocrx_word' id='word_1_317' title='bbox 1319 5627 1369 5677; x_wconf 86' lang='grc'><strong>669</strong></span> <span class='ocrx_word' id='word_1_318' title='bbox 1387 5628 1529 5676; x_wconf 79' lang='lat' dir='ltr'><strong>ssnseratT</strong></span> <span class='ocrx_word' id='word_1_319' title='bbox 1632 5630 1778 5678; x_wconf 81' lang='lat' dir='ltr'><strong>mnniueT</strong></span> <span class='ocrx_word' id='word_1_320' title='bbox 1882 5627 1930 5679; x_wconf 80' lang='grc'>674</span> <span class='ocrx_word' id='word_1_321' title='bbox 1949 5631 1996 5679; x_wconf 82' lang='lat' dir='ltr'><strong>enh</strong></span> 
     </span>
    </p>
   </div>
   <div class='ocr_carea' id='block_1_5' title="bbox 374 5713 1997 5954">
    <p class='ocr_par' dir='ltr' id='par_1_5' title="bbox 374 5713 1997 5954">
     <span class='ocr_line' id='line_1_49' title="bbox 375 5713 1997 5776; baseline -0.001 -10"><span class='ocrx_word' id='word_1_322' title='bbox 375 5715 435 5767; x_wconf 80' lang='lat' dir='ltr'><strong>odd.</strong></span> <span class='ocrx_word' id='word_1_323' title='bbox 456 5716 534 5766; x_wconf 73' lang='lat' dir='ltr'><strong>Mass.</strong></span> <span class='ocrx_word' id='word_1_324' title='bbox 647 5715 697 5764; x_wconf 77' lang='grc'><strong>676</strong></span> <span class='ocrx_word' id='word_1_325' title='bbox 715 5717 816 5764; x_wconf 82' lang='lat' dir='ltr'><strong>masella</strong></span> <span class='ocrx_word' id='word_1_326' title='bbox 838 5716 859 5764; x_wconf 88' lang='grc' dir='ltr'><em>Τ</em></span> <span class='ocrx_word' id='word_1_327' title='bbox 969 5714 1020 5763; x_wconf 91' lang='grc'><strong>676</strong></span> <span class='ocrx_word' id='word_1_328' title='bbox 1038 5716 1201 5763; x_wconf 84' lang='lat' dir='ltr'><strong>concinerunt</strong></span> <span class='ocrx_word' id='word_1_329' title='bbox 1220 5714 1241 5761; x_wconf 90' lang='grc' dir='ltr'><em>Τ</em></span> <span class='ocrx_word' id='word_1_330' title='bbox 1350 5713 1400 5764; x_wconf 84' lang='grc'><strong>676</strong></span> <span class='ocrx_word' id='word_1_331' title='bbox 1417 5716 1486 5763; x_wconf 81' lang='lat' dir='ltr'><strong>erius</strong></span> <span class='ocrx_word' id='word_1_332' title='bbox 1506 5714 1527 5761; x_wconf 94' lang='grc' dir='ltr'><em>Τ</em></span> <span class='ocrx_word' id='word_1_333' title='bbox 1635 5714 1682 5765; x_wconf 83' lang='grc'>681</span> <span class='ocrx_word' id='word_1_334' title='bbox 1704 5729 1795 5764; x_wconf 81' lang='lat' dir='ltr'><strong>uocaus</strong></span> <span class='ocrx_word' id='word_1_335' title='bbox 1815 5714 1902 5776; x_wconf 66' lang='lat' dir='ltr'><strong>Mum,</strong></span> <span class='ocrx_word' id='word_1_336' title='bbox 1923 5728 1997 5764; x_wconf 85' lang='lat' dir='ltr'><strong>reno·</strong></span> 
     </span>
     <span class='ocr_line' id='line_1_50' title="bbox 376 5800 1987 5864; baseline -0.001 -12"><span class='ocrx_word' id='word_1_337' title='bbox 376 5818 434 5853; x_wconf 73' lang='lat' dir='ltr'><strong>cans</strong></span> <span class='ocrx_word' id='word_1_338' title='bbox 451 5804 472 5851; x_wconf 91' lang='grc' dir='ltr'><em>Τ</em></span> <span class='ocrx_word' id='word_1_339' title='bbox 550 5801 703 5850; x_wconf 74' lang='lat' dir='ltr'><strong>maurisici&#39;</strong></span> <span class='ocrx_word' id='word_1_340' title='bbox 798 5800 848 5851; x_wconf 74' lang='grc'>682</span> <span class='ocrx_word' id='word_1_341' title='bbox 867 5803 1052 5862; x_wconf 79' lang='lat' dir='ltr'><strong>mastiuautquc</strong></span> <span class='ocrx_word' id='word_1_342' title='bbox 1070 5800 1090 5847; x_wconf 90' lang='grc' dir='ltr'><em>Τ</em></span> <span class='ocrx_word' id='word_1_343' title='bbox 1186 5800 1236 5849; x_wconf 82' lang='grc'><strong>665</strong></span> <span class='ocrx_word' id='word_1_344' title='bbox 1254 5808 1387 5861; x_wconf 87' lang='lat' dir='ltr'><strong>regemnut</strong></span> <span class='ocrx_word' id='word_1_345' title='bbox 1400 5800 1488 5861; x_wconf 63' lang='lat' dir='ltr'><strong>Mum,</strong></span> <span class='ocrx_word' id='word_1_346' title='bbox 1510 5802 1690 5862; x_wconf 83' lang='lat' dir='ltr'><strong>remugiuutT</strong></span> <span class='ocrx_word' id='word_1_347' title='bbox 1769 5801 1987 5864; x_wconf 72' lang='lat' dir='ltr'><strong>harathrtsccrtptt</strong></span> 
     </span>
     <span class='ocr_line' id='line_1_51' title="bbox 374 5884 1672 5954; baseline -0.002 -15"><span class='ocrx_word' id='word_1_348' title='bbox 374 5890 461 5940; x_wconf 77' lang='lat' dir='ltr'><strong>tuctu</strong></span> <span class='ocrx_word' id='word_1_349' title='bbox 481 5890 511 5950; x_wconf 82' lang='grc' dir='ltr'><strong>Τ,</strong></span> <span class='ocrx_word' id='word_1_350' title='bbox 531 5889 654 5954; x_wconf 82' lang='lat' dir='ltr'><strong>pharetris</strong></span> <span class='ocrx_word' id='word_1_351' title='bbox 674 5887 751 5936; x_wconf 74' lang='lat' dir='ltr'><strong>Mass.</strong></span> <span class='ocrx_word' id='word_1_352' title='bbox 857 5888 908 5937; x_wconf 79' lang='lat' dir='ltr'><strong>ost</strong></span> <span class='ocrx_word' id='word_1_353' title='bbox 926 5901 972 5936; x_wconf 84' lang='lat' dir='ltr'><strong>uos</strong></span> <span class='ocrx_word' id='word_1_354' title='bbox 994 5886 1015 5935; x_wconf 89' lang='grc' dir='ltr'><em>Τ</em></span> <span class='ocrx_word' id='word_1_355' title='bbox 1116 5884 1162 5935; x_wconf 74' lang='lat' dir='ltr'><strong>etl</strong></span> <span class='ocrx_word' id='word_1_356' title='bbox 1184 5892 1304 5937; x_wconf 85' lang='lat' dir='ltr'><strong>commoto</strong></span> <span class='ocrx_word' id='word_1_357' title='bbox 1323 5887 1344 5934; x_wconf 89' lang='grc' dir='ltr'><em>Τ</em></span> <span class='ocrx_word' id='word_1_358' title='bbox 1445 5888 1495 5937; x_wconf 87' lang='grc'>693</span> <span class='ocrx_word' id='word_1_359' title='bbox 1513 5888 1631 5937; x_wconf 66' lang='lat' dir='ltr'><strong>elimenta</strong></span> <span class='ocrx_word' id='word_1_360' title='bbox 1651 5888 1672 5937; x_wconf 90' lang='grc' dir='ltr'><em>Τ</em></span> 
     </span>
    </p>
   </div>
   <div class='ocr_carea' id='block_1_6' title="bbox 0 0 2547 6724">
    <p class='ocr_par' dir='ltr' id='par_1_6' title="bbox 0 0 2547 6724">
     <span class='ocr_line' id='line_1_52' title="bbox 0 0 2547 6724; baseline 0 0"><span class='ocrx_word' id='word_1_361' title='bbox 0 0 2547 6724; x_wconf 95' lang='lat' dir='ltr'><strong> </strong></span> 
     </span>
    </p>
   </div>
  </div>
 </body>
</html>
