5042 6726
1057 564 1288 621 cuconrnvn.
1900 567 1994 633 xm

355 792 486 859 demum
514 789 696 873 insequenti
726 795 828 855 totam
857 787 1053 873 provinciam
1073 786 1225 854 infecisse
1248 787 1544 873 suspicabimuru).
1589 788 1705 874 Strage
1727 789 1893 856 bominum
1915 810 1991 876 per-

356 932 476 996 magna
497 909 627 975 morbus
648 909 847 994 perniciosus
868 907 998 974 Africae
1020 907 1124 989 uires,
1156 928 1239 991 quae
1266 926 1440 993 paucorum
1465 928 1620 974 annornm
1642 910 1873 994 tranquillitate
1895 930 1991 976 reva-

357 1031 494 1110 luerunt,
521 1029 680 1095 concussit
688 1030 741 1112 ⁷²„
788 1029 893 1093 Tanta
915 1034 948 1094 et
968 1026 1117 1093 Afrorum
1140 1034 1173 1094 et
1193 1027 1330 1093 militnm
1353 1028 1567 1095 Romanorum
1589 1048 1666 1113 pars
1687 1029 1798 1115 periit,
1828 1036 1865 1096 ut
1885 1027 2006 1103 blaurii

357 1148 504 1233 finitimi,
534 1168 613 1231 quos
641 1148 802 1214 exercitus
829 1146 930 1212 validi
957 1145 1052 1212 timor
1073 1145 1128 1213 diu
1151 1153 1352 1227 cosmocrat,
1387 1165 1446 1231 spe
1475 1147 1694 1232 praedationis
1723 1149 1863 1235 impunis
1893 1108 2006 1237 erecti

357 1270 554 1357 provinciam
570 1267 805 1334 incursionibus
819 1274 975 1352 temptare
989 1265 1178 1351 inciperent.
1219 1266 1326 1351 Atque
1347 1266 1418 1352 ipso
1433 1265 1562 1350 quidem
1576 1267 1783 1352 pestilentiae
1797 1287 1882 1335 anno
1902 1244 2007 1352 (543ξὲ

358 1390 500 1474 contagii
521 1388 691 1455 formidine
713 1387 816 1453 territi
837 1387 1020 1472 provinciae
1042 1385 1123 1453 fines
1145 1385 1299 1453 invadere
1321 1407 1387 1452 non
1407 1386 1480 1451 ausi
1503 1394 1588 1453 suut.
1631 1386 1698 1453 Sed
1719 1388 1828 1454 morbo
1850 1388 1991 1455 extincto

358 1511 468 1577 statim
497 1508 639 1592 undique
667 1507 917 1589 advolarunt⁷³].
964 1506 1607 1601 Qthlum—Mauricum
1635 1514 1840 1599 &immiti
1868 1515 1902 1575 et
1929 1509 1991 1575 bac

359 1629 490 1715 Corippi
511 1627 694 1694 narratione
716 1633 748 1692 et
769 1624 845 1691 aliis
867 1625 1012 1692 eiusdem
1033 1634 1148 1712 poetae
1171 1626 1250 1693 locis
1272 1626 1518 1707 demonstratur,
1544 1627 1660 1709 quibus
1682 1627 1794 1694 decem
1817 1648 1875 1715 per
1889 1648 2017 1695 annos.

359 1751 473 1836 plenos
492 1750 682 1832 (534-543)
701 1746 805 1812 Mauri
820 1767 934 1832 pacem
949 1765 1098 1813 servasse
1113 1745 1262 1813 dicuntur
1271 1748 1323 1829 ⁷⁴).
1360 1744 1451 1824 Quae
1467 1746 1597 1832 Corippi
1611 1746 1795 1813 testimonia
1809 1767 1871 1831 ego
1887 1749 1988 1834 pluris

360 1870 445 1936 facio
466 1889 563 1953 quam
585 1866 721 1934 Victoris
743 1866 983 1948 Tununnensis,
1009 1865 1172 1951 scriptoris
1195 1885 1307 1951 parum
1330 1865 1506 1948 diligentis,
1532 1866 1765 1949 auctoritatem,
1791 1867 1900 1950 quia.
1927 1871 1989 1933 543

360 1990 482 2055 bellum
497 1987 590 2069 illud,
608 2007 670 2069 quo
686 1985 836 2052 Solosmn
851 2004 1026 2070 oppressus
1041 1985 1093 2067 sit,
1119 1984 1280 2050 exemisse
1294 1984 1505 2069 opinature).
1537 1985 1650 2069 Neque
1664 1992 1843 2071 temporum
1858 2006 1992 2072 compu-

360 2109 474 2176 tationi
488 2107 667 2193 Corippeae
681 2105 854 2190 Procopius
867 2105 1067 2187 adversatur,
1093 2105 1149 2186 qui
1163 2103 1345 2171 accuratius
1360 2123 1412 2170 res
1427 2112 1626 2191 pertractans
1639 2106 1722 2172 baec
1736 2104 1804 2171 fere
1819 2110 1987 2192 narratu).

448 2227 568 2307 Quarto
600 2245 684 2291 anno
715 2231 789 2310 post
820 2223 948 2291 felicem
981 2224 1160 2290 Solomonis
1192 2224 1226 2289 in
1259 2230 1397 2290 montem
1431 2224 1605 2291 Aurasium
1641 2223 1896 2310 expeditionem,
1936 2228 1992 2312 qui

361 2367 465 2414 annus
494 2346 587 2430 regni
614 2344 827 2427 Iustinianilil
870 2344 1025 2429 septimus
1054 2342 1198 2409 decimus
1228 2350 1297 2409 erat
1330 2344 1414 2426 (Kal.
1441 2345 1519 2429 Apr.
1545 2347 1608 2410 543
1630 2381 1675 2392 -
1696 2345 1770 2410 Kal.
1796 2346 1989 2439 Apa-544),

362 2468 511 2535 Afrorum
539 2485 592 2533 res
621 2485 797 2551 prosperae
825 2463 931 2531 subito
959 2464 993 2530 in
1022 2464 1115 2549 peius
1143 2469 1286 2529 mutatae
1316 2471 1402 2529 sunt.
1448 2464 1517 2530 Hoc
1544 2465 1630 2530 enim
1651 2472 1795 2550 tempore
1817 2465 1993 2550 imperator

355 2587 544 2689 Q
562 2585 742 2651 Solomonis
771 2582 879 2650 fratris
908 2582 1035 2667 tilium,
1059 2583 1485 2679 TijQaerrjncioe
1500 2583 1673 2675 praefecit.
1721 2584 1877 2664 Quicum
1899 2587 1994 2672 Lepti

364 2727 483 2790 magna
504 2711 768 2785 commoraretur,
800 2704 863 2769 buc
885 2704 1129 2788 Laguantenses
1159 2703 1288 2769 barbari
1315 2701 1442 2769 finitimi
1470 2723 1604 2769 munera
1632 2703 1803 2770 sollemnia
1831 2707 1994 2791 accepturi

363 2834 397 2893 et
418 2827 459 2892 de
481 2845 561 2911 pace
583 2823 742 2890 firmanda
762 2825 865 2889 acturi
886 2843 1004 2908 magno
1027 2843 1100 2888 oum
1122 2822 1266 2889 exercitu
1287 2830 1454 2889 venerunt.
1500 2824 1540 2889 In
1561 2823 1731 2908 colloquio,
1758 2824 1844 2907 quod
1865 2826 1997 2892 Mauro

362 2966 435 3012 rum
457 2945 601 3011 exercitu
623 2943 701 3009 foris
724 2950 829 3009 eastra
850 2950 989 3028 ponente
1010 2941 1045 3006 in
1067 2941 1146 3008 urbe
1168 2941 1406 3023 conserebatur,
1433 2961 1516 3008 unus
1538 2963 1557 3010 e
1578 2942 1737 3026 barbaris,
1762 2943 1817 3027 qui
1839 2964 1995 3029 arrogan-

364 3065 430 3132 tius
451 3065 601 3149 Sergium
622 3064 770 3148 tetigisse
792 3063 910 3145 fertur,
937 3062 1088 3129 satellitis
1110 3062 1246 3128 Romani
1267 3060 1377 3146 gladio
1399 3062 1568 3128 confossus
1590 3070 1650 3129 est.
1698 3063 1855 3131 Omnibus
1879 3065 1996 3131 deinde

363 3205 455 3252 arma
477 3183 710 3270 arripientibus
738 3190 771 3250 et
797 3182 936 3249 tumultu
966 3201 1084 3266 magno
1113 3181 1148 3247 in
1174 3182 1296 3266 palatio
1318 3188 1385 3247 orto
1407 3181 1569 3264 octoginta
1590 3182 1799 3249 barbarorum
1820 3183 1993 3270 principes,

365 3305 421 3389 qui
442 3305 506 3371 lide
528 3311 664 3390 accepta
685 3303 719 3368 in
743 3301 854 3369 urbem
876 3307 1042 3385 venerant,
1068 3308 1197 3387 praeter
1219 3321 1317 3367 uuum
1332 3320 1443 3366 omnes
1457 3301 1610 3368 trucidati
1626 3304 1760 3387 uentu).
1802 3304 1996 3387 Legatorum

366 3424 569 3491 sanctitatem
590 3430 657 3489 tam
675 3422 797 3508 perfide
819 3421 974 3487 violatam
996 3428 1031 3486 ut
1053 3421 1272 3501 ulcisceretur,
1297 3420 1479 3486 Maurorum
1502 3421 1663 3487 exercitus
1684 3422 1854 3489 confestim
1869 3424 1995 3509 Leptim

365 3564 517 3630 magnam
531 3562 708 3627 aggressus
724 3548 784 3608 est.
824 3541 891 3608 Sed
905 3540 994 3606 vario
1009 3539 1112 3606 Marte
1135 3559 1207 3605 cum
1229 3558 1331 3623 nsque
1353 3538 1397 3605 ad
1418 3545 1544 3606 noctem
1566 3548 1745 3624 pugnatum
1767 3550 1866 3623 esset,
1891 3542 1995 3609 Mauri

364 3665 485 3732 bellum
508 3663 612 3730 maius
634 3661 777 3748 paraturi
800 3660 991 3727 discessere.
1038 3658 1214 3740 Aliquanto
1235 3666 1343 3725 autem
1365 3666 1439 3745 post
1464 3655 1577 3747 (χρόνῳ
1599 3659 1633 3725 δὲ
1655 3651 1812 3748 ὕστερον),
1838 3682 1934 3745 auno,
1959 3670 1996 3730 ut

367 3831 592 3839 --———

451 3922 491 3984 71)
512 3924 579 3973 vict,
595 3923 660 3971 Tun.
675 3922 766 3973 chron.
781 3921 822 3970 ed.
833 3919 945 3970 1111111111
956 3919 981 3967 11
993 3934 1018 3982 p.
1031 3917 1081 3968 370
1096 3921 1169 3981 ‘post
1180 3919 1336 3967 consulatum
1349 3918 1437 3967 Basilii
1448 3933 1473 3966 v.
1487 3931 1509 3967 c.
1525 3932 1589 3968 anno
1601 3920 1635 3970 11.
1656 3920 1752 3969 Horum
1765 3920 1865 3970 exordia
1876 3920 1995 3971 malorum

362 4011 488 4071 generalis
505 4012 571 4059 orbis
588 4016 708 4058 terrarum
727 4006 863 4057 mortalitas
881 4007 1006 4068 sequitur,
1025 4009 1052 4054 et
1069 4005 1204 4066 inguinum
1222 4005 1382 4067 percussione
1401 4006 1479 4053 maior
1495 4018 1552 4066 pars
1569 4005 1719 4068 populorum
1737 4006 1863 4056 necaturi
1876 4033 1911 4042 -
1929 4005 1995 4056 (ium

365 4096 472 4145 basilius
491 4109 555 4146 anno
573 4094 621 4144 541
642 4093 798 4143 consulatum
816 4093 922 4153 gesaadt
940 4096 967 4139 et
984 4091 1071 4140 Victor
1087 4092 1115 4139 lu
1133 4080 1206 4139 annis
1225 4090 1387 4139 numerandis
1405 4103 1435 4139 ea
1452 4091 1550 4138 ratione
1567 4091 1606 4138 uti
1624 4092 1712 4151 soleat,
1732 4095 1762 4140 ut
1779 4104 1861 4140 annus
1879 4091 1995 4141 consuia-

364 4187 418 4228 tum
437 4180 563 4242 quendam
581 4183 718 4243 insequens
738 4180 834 4226 ‘annus
852 4177 979 4225 secundus
996 4181 1053 4239 post
1071 4176 1240 4224 consulatum'
1257 4176 1361 4237 dicatur,
1383 4175 1456 4224 -id
1474 4175 1608 4237 quodiam
1626 4175 1743 4225 Valesius
1760 4176 1889 4225 intellexit
1899 4202 1944 4236 -,
1963 4176 1995 4225 ad

363 4264 540 4327 annuntii,
561 4279 612 4314 non
630 4265 661 4313 ad
679 4276 775 4313 aunum
793 4258 843 4312 543
861 4263 963 4322 Victor,
989 4263 1094 4325 scriptor
1111 4262 1186 4322 Afer,
1212 4261 1383 4322 pestilentiam
1401 4261 1496 4309 referre
1514 4261 1623 4310 videtur.
1660 4260 1711 4310 Nec
1729 4268 1812 4310 nmen
1830 4262 1990 4324 computatio,

363 4363 439 4410 quam
456 4351 528 4400 modo
546 4351 667 4410 lecimus,
690 4350 798 4398 Victoris
816 4348 972 4408 chronologia
989 4349 1142 4396 confutatur.
1180 4345 1259 4395 Cuius
1277 4346 1361 4394 verbis
1379 4346 1519 4394 accuratius
1537 4347 1658 4409 inspectit
1677 4345 1789 4397 dubitari
1807 4348 1910 4409 nequit,
1931 4347 1995 4409 quin

363 4448 467 4497 aunum,
488 4448 537 4499 quo
554 4436 703 4499 pestilentia
719 4435 797 4483 latius
815 4447 859 4495 per
876 4436 961 4482 orbem
979 4433 1085 4496 grassari
1103 4437 1224 4494 coeperat,
1246 4443 1295 4479 non
1314 4444 1381 4491 eum,
1402 4444 1451 4491 quo
1470 4431 1580 4479 Africam
1597 4433 1713 4492 natavit,
1734 4432 1898 4482 denotaverit.

454 4519 494 4582 72)
516 4520 572 4571 Gor.
592 4520 646 4569 Iob.
666 4519 703 4567 111
721 4517 869 4568 341-370.

452 4606 494 4669 ts)
516 4607 571 4657 Gor.
593 4606 645 4655 lob.
665 4601 868 4654 111383-391,

453 4689 494 4757 74)
515 4692 571 4743 Cor.
592 4692 646 4742 Iob.
666 4692 691 4739 11
710 4689 742 4739 34
761 4690 856 4738 fluibus
873 4690 901 4736 in
920 4687 1021 4745 Libycis
1038 4689 1157 4747 suscepta
1173 4696 1234 4747 pace
1252 4682 1335 4732 tidelis

764 4766 809 4815 lile
830 4766 893 4827 (soll.
912 4763 1026 4825 Antaias)
1047 4763 1112 4824 fuit,
1133 4761 1272 4823 plenosque
1289 4760 1375 4808 decern
1393 4760 1532 4822 perfecerat
1549 4775 1636 4811 annos.

637 4855 675 4903 111
693 4851 743 4903 289
1001 4850 1094 4899 florens
1109 4848 1172 4897 baec
1190 4846 1281 4907 gaudia
1299 4847 1378 4895 sensit

762 4932 845 4978 nostra
862 4926 948 4976 decem
966 4926 1042 4974 telius
1060 4925 1148 4987 plenos
1165 4924 1249 4972 laxata
1266 4936 1312 4986 per
1329 4936 1417 4974 annos.

452 5017 491 5079 75)
513 5017 581 5066 Vict.
603 5017 668 5065 Tun.
688 5015 781 5065 chron.
800 5013 840 5062 ed.
861 5012 972 5062 Roncadi
989 5027 1014 5075 p.
1036 5010 1095 5062 370.
1132 5011 1164 5060 ci.
1186 5023 1211 5072 p.
1231 5008 1303 5058 XIX.

451 5103 491 5165 ’16)
514 5102 627 5164 Procopii
648 5103 729 5164 capita
751 5101 857 5161 selecta,
883 5100 976 5161 quibus
1000 5112 1040 5148 res
1062 5097 1123 5146 iude
1140 5099 1171 5146 ab
1190 5109 1254 5146 anuo
1273 5093 1322 5145 543
1339 5097 1367 5144 11
1386 5096 1471 5144 stnca
1488 5100 1573 5156 gestae
1591 5099 1754 5153 enarrantur,
1780 5095 1808 5142 in
1826 5095 1893 5144 celes
1910 5096 1988 5158 primi

364 5190 443 5239 buius
460 5190 581 5254 prooemii
599 5188 689 5250 capitis
706 5186 775 5249 typis
793 5198 911 5249 expressa
928 5185 1055 5233 invenies.

453 5274 494 5336 iil
514 5276 630 5323 lustinus
646 5275 782 5336 imperator
799 5271 856 5319 Kal.
876 5271 942 5332 Aur.
962 5271 1023 5319 anni
1041 5267 1090 5319 527
1109 5273 1222 5317 mortuus
1240 5272 1287 5316 est.
1325 5266 1377 5315 Neo
1394 5278 1452 5314 vero
1470 5268 1500 5315 ab
1518 5266 1564 5315 hoc
1582 5266 1638 5325 die,
1665 5264 1709 5313 aed
1727 5280 1742 5313 a
1760 5263 1817 5314 Kal.
1838 5267 1900 5327 Apr.
1920 5266 1990 5313 elus·

364 5360 422 5409 dem
440 5362 501 5409 anni
519 5360 678 5408 lastinianus
695 5360 768 5419 regni
785 5371 864 5406 annos
883 5356 1031 5406 numeravit.
1070 5355 1104 5403 oi.
1124 5354 1185 5403 Nor.
1207 5354 1270 5401 lust.
1291 5351 1334 5402 47.
1371 5351 1439 5400 Prot.
1460 5353 1485 5400 b.
1505 5350 1587 5400 Vand.
1608 5351 1620 5398 l
1640 5348 1680 5400 12.

453 5443 493 5504 18]
514 5445 553 5493 sd
571 5446 710 5506 legatorum
728 5444 873 5492 Maurorum
892 5441 993 5490 eaedem
1011 5439 1113 5502 corippi
1130 5451 1219 5487 veram
1240 5438 1292 5486 loh.
1313 5437 1338 5485 11
1357 5435 1458 5486 36-40
1476 5437 1638 5498 pertinent:v

779 5528 845 5588 heu,
865 5528 937 5576 ducis
955 5528 1040 5588 ignavi
1059 5524 1133 5588 quale
1151 5524 1295 5573 indiscretio
1313 5523 1409 5571 bellum

780 5607 870 5665 movit,
890 5610 916 5654 et
934 5607 1061 5653 extiucus
1079 5604 1140 5652 iecit
1157 5603 1308 5651 recalescere
1326 5601 1450 5648 dammas!

778 5690 841 5733 tunc
857 5684 926 5732 furor
942 5683 1038 5744 incepti
1055 5682 1140 5742 poenit
1157 5679 1281 5742 planteria
1297 5676 1394 5726 biantis.

780 5761 899 5825 perfidiae
917 5762 1012 5809 odmen
1030 5760 1071 5808 uel
1089 5762 1173 5807 111111
1192 5757 1290 5805 semina
1308 5756 1395 5805 mortis

779 5842 814 5889 ira
833 5838 912 5888 dedit.

444 5938 563 5982 conrrrvs.
