5030 6734
898 589 1129 646 IOHANNIDOS
1148 591 1218 647 LIB.
1239 591 1287 646 lV.
1308 593 1344 647 V.
1368 593 1436 656 (IV).

831 779 954 846 interea
976 782 1099 848 Stutias
1121 782 1229 847 anima
1251 782 1394 867 fugiente
1417 781 1554 848 dolebat.

673 950 677 955 ,
746 884 902 968 paenituit
922 885 1064 952 bellasse
1087 887 1200 952 ferum.
1247 885 1386 971 suspiria
1407 884 1496 952 ducit

745 1006 817 1052 cum
840 987 977 1071 gemitu,
1004 1008 1139 1071 seseque
1162 988 1275 1055 duleus
1297 989 1344 1055 sic
1365 989 1510 1074 increpat
1529 989 1612 1074 ipse.

749 1095 849 1174 ‘quae
871 1090 950 1155 mihi
972 1091 1117 1157 bellandi
1138 1092 1244 1159 fuerat
1265 1099 1331 1159 tam
1354 1092 1425 1159 dira
1446 1093 1615 1178 voluptasr

743 1214 800 1260 cur
821 1214 925 1259 rerum
948 1195 1094 1278 ingratus
1117 1195 1245 1262 domino
1267 1216 1492 1280 nunquamque
1514 1195 1620 1262 fidelis

742 1297 855 1364 infelix
877 1298 992 1364 virtute
1015 1304 1110 1365 maa?
1152 1298 1247 1364 medo
1269 1299 1412 1385 paenitet
1432 1299 1512 1381 ista,

742 1400 818 1466 dum
833 1401 1000 1484 miserum,
1026 1420 1113 1467 mcrs
1128 1421 1243 1485 saeva,
1268 1402 1381 1468 trahis.
1417 1402 1569 1485 reddam,
1595 1401 1756 1488 improba,
1784 1421 1922 1487 peenas,

670 1500 675 1510 '
742 1524 822 1588 quas
844 1505 957 1570 merui.
1004 1505 1096 1571 furiis
1119 1506 1224 1572 accius
1247 1506 1387 1572 Catilina
1409 1506 1548 1573 cruentis

741 1602 924 1692 exag‘itatus
946 1608 1050 1675 adest.
1096 1609 1191 1676 video
1213 1609 1276 1675 iam
1301 1612 1436 1676 Tartara
1457 1610 1556 1675 fundo

740 1710 1003 1796 flammarumque
1026 1713 1139 1795 globos
1161 1720 1194 1780 et
1216 1714 1286 1779 dira
1307 1713 1457 1780 incendia
1478 1713 1576 1779 volvi.

632 1837 645 1874 u
741 1815 894 1899 perfidiae
916 1815 1064 1882 meritum
1086 1836 1158 1881 cum
1181 1816 1281 1882 durae
1304 1816 1436 1882 crimine
1457 1815 1567 1883 mortis

740 1919 801 1985 lucc
822 1918 901 1984 mihi
922 1920 1012 1986 bella
1032 1920 1149 1985 ferunt.
1197 1919 1329 1986 doleant
1349 1925 1547 2001 caveantque
1570 1918 1675 1983 Latini

741 2023 800 2087 bas
822 2043 959 2108 peenas,
985 2025 1145 2105 rebusque
1167 2024 1263 2090 fidem
1286 2023 1486 2107 dominisque
1508 2024 1698 2089 reservant'.

740 2125 835 2207 dixit,
862 2133 895 2193 et
914 2126 1077 2193 infelicem
1099 2127 1240 2193 animam
1262 2147 1347 2193 mors
1369 2127 1470 2212 impia
1491 2125 1616 2192 clausit.

825 2230 941 2296 eccidit
962 2237 997 2296 ut
1018 2232 1157 2311 Stutias,
1183 2251 1377 2315 quamquam
1399 2230 1491 2296 ducis
1513 2236 1600 2296 esset
1621 2228 1756 2294 acerbus

739 2340 839 2398 morte
861 2332 954 2398 dolor
975 2335 1111 2419 populu,
1137 2334 1289 2399 Romanis
1312 2353 1455 2400 crescere
1476 2333 1578 2397 uirtus

739 2442 903 2521 aceperat,
929 2445 962 2503 et
983 2456 1111 2522 campos
1135 2437 1222 2503 acies
1244 2437 1309 2502 iam
1332 2443 1440 2502 nostra
1465 2435 1605 2521 petebat.

738 2538 908 2605 (luntarith
931 2560 972 2605 en
994 2540 1109 2606 iterum
1131 2560 1284 2625 perversa
1305 2547 1412 2606 mente
1433 2538 1614 2622 malignus,

737 2643 894 2728 perfidus,
920 2643 1052 2725 infelix,
1078 2651 1186 2727 atrox,
1212 2644 1371 2727 insulsus,
1397 2642 1540 2724 adulter,

737 2746 873 2831 praedo,
899 2746 1075 2829 homicida,
1101 2768 1219 2833 rapax,
1245 2748 1402 2814 bellorum
1424 2745 1586 2831 pessimus
1608 2752 1733 2827 auctor,

738 2850 900 2916 ductorem
921 2850 1083 2917 incautum
1107 2850 1290 2917 crudelibus
1312 2856 1446 2934 occupat
1468 2849 1582 2927 armis,

737 2973 987 3039 oppressumque
1010 2953 1084 3020 dclc
1106 2954 1229 3039 rapuit,
1254 2955 1427 3039 iuransque
1449 2954 1575 3021 fefellit.

737 3058 889 3144 principia
910 3057 998 3123 haud
1019 3058 1112 3123 illum
1134 3058 1215 3124 tanti
1237 3057 1418 3125 reverentia
1439 3058 1554 3141 movit,

737 3182 863 3228 sumere
884 3182 944 3229 nec
965 3161 1073 3229 timuit
1093 3161 1213 3227 bellum
1236 3181 1414 3246 nomenque
1436 3161 1576 3247 tyranni.

736 3285 816 3348 quas
838 3264 931 3350 Tyrii
953 3265 1079 3345 clades,
1106 3285 1189 3348 quae
1212 3283 1311 3330 saeva
1333 3265 1478 3350 pericula
1499 3264 1606 3350 passi!

736 3370 796 3433 sub
819 3368 928 3453 gladic
950 3368 1079 3434 iacuere
1101 3368 1213 3451 gravi,
1240 3366 1299 3434 sed
1320 3376 1463 3452 tempore
1485 3389 1595 3452 parvo.

735 3472 924 3538 abbreviata
944 3472 1015 3538 dies
1035 3472 1170 3539 infanda
1192 3479 1224 3538 et
1245 3472 1386 3557 pessima
1407 3472 1499 3556 regni
1522 3480 1583 3538 est.

733 3596 808 3640 nam
830 3583 923 3661 pater
942 3576 999 3641 ille
1022 3576 1124 3641 bonus
1146 3575 1279 3641 summis
1301 3576 1499 3642 Athanasius
1520 3576 1616 3641 Afros

734 3678 877 3743 consiliis
898 3677 1007 3744 media
1027 3677 1134 3762 rapuit
1156 3676 1197 3744 de
1220 3666 1519 3763 caede‘ndligiiif'
1551 3756 1553 3761 Ι

733 3781 785 3847 bic
807 3782 909 3867 potuit
931 3781 1067 3865 Libyam
1089 3782 1242 3847 Romanis
1263 3781 1398 3849 reddere
1420 3782 1515 3849 fastis

589 3908 637 3946 aa
733 3885 822 3949 solus
845 3892 877 3950 et
897 3884 1050 3950 infestum
1072 3884 1136 3950 letc
1159 3883 1313 3951 damnare
1335 3892 1518 3969 tyrannum.

732 3987 902 4053 Armenius
924 3987 1006 4053 tanti
1028 3986 1134 4052 fuerat
1153 3993 1230 4053 tunc
1250 3988 1307 4054 illa
1329 3988 1474 4054 minister

732 4090 868 4156 consilii.
915 4091 1000 4156 bunc
1022 4090 1170 4175 placidus
1193 4111 1275 4157 cana
1296 4091 1454 4174 gravitate
1477 4091 1582 4175 coligit

731 4194 885 4260 immitem
907 4202 1048 4260 mactare
1070 4194 1184 4259 virum.
1231 4201 1389 4278 temptare
1411 4195 1541 4279 periclis

731 4317 796 4362 non
817 4297 924 4363 timuit
945 4298 1070 4381 genitor
1091 4317 1148 4383 pro
1170 4297 1318 4364 libertate
1342 4298 1447 4364 senili.

732 4400 903 4466 Guntaritb
926 4401 1056 4485 infelix,
1083 4400 1217 4486 cupiens
1238 4401 1308 4466 fera
1329 4421 1431 4485 regna
1452 4409 1578 4481 tenere,

730 4503 899 4568 Armenios
921 4524 1016 4571 enses
1039 4524 1138 4570 saeva
1159 4505 1243 4570 inter
1264 4504 1381 4589 pocula
1402 4505 1519 4587 sensit,

607 4618 625 4649 ¹
652 4598 669 4648 -’
731 4615 764 4672 et
784 4574 924 4673 madidd‘
936 4607 1037 4674 festas
1060 4607 1234 4673 maculavit
1256 4608 1413 4693 sanguina
1435 4627 1575 4674 mansas.

816 4710 925 4776 Africa
947 4731 1004 4795 per
1025 4718 1132 4776 tantas
1154 4710 1284 4796 periens
1306 4732 1368 4777 non
1391 4712 1461 4777 ulta
1483 4711 1611 4796 rapinas

731 4813 778 4879 sic
799 4832 905 4880 mersa
926 4820 986 4880 est.
1034 4822 1065 4880 te
1088 4821 1254 4899 exspectat
1275 4815 1379 4899 inops.
1427 4834 1576 4881 succurre
1598 4815 1750 4899 gementi.

621 4944 634 4981 c
730 4938 868 5000 namque
889 4925 991 5003 putes.
1037 4918 1202 5002 virtusque
1223 4918 1281 4985 tibi
1303 4918 1367 4983 iam
1392 4925 1468 4984 ncta
1489 4939 1548 5004 per
1569 4920 1677 4985 cubam
1699 4925 1767 4987 est.

730 5028 762 5087 et
783 5022 920 5106 vigilant
943 5041 1076 5115 seusus,
1102 5030 1135 5088 et
1156 5022 1252 5088 claris
1275 5022 1408 5088 dextera
1429 5022 1550 5088 factis’.

814 5125 894 5191 talia
916 5145 1165 5192 commemorans
1187 5125 1346 5192 referebat
1367 5126 1456 5192 bella
1477 5125 1641 5205 tribunus,

729 5229 852 5294 lumina
873 5229 1066 5296 conturbans
1090 5229 1248 5311 lacrimis,
1274 5230 1477 5313 Libycusque
1499 5230 1609 5295 ruinas

729 5333 860 5416 fataque
882 5340 997 5399 cuncta
1019 5333 1135 5399 ducum
1157 5333 1245 5398 luctu
1267 5331 1407 5398 deflebat
1431 5353 1549 5398 amam.

585 5458 633 5500 rac
728 5436 886 5519 ingemuit
907 5436 1019 5502 ductor
1041 5455 1195 5503 concussa
1217 5442 1323 5501 menta
1345 5436 1515 5519 benignus.

411 5665 461 5715 206
480 5666 576 5713 bellua
597 5665 618 5712 Τ
717 5663 767 5714 2θῖ
786 5667 907 5725 gemitum
929 5663 950 5710 Τ
1053 5663 1103 5713 208
1122 5665 1206 5712 fueras
1226 5663 1247 5710 Τ
1351 5662 1401 5713 212
1420 5663 1529 5711 astallus
1546 5665 1655 5713 furantis
1676 5663 1697 5711 Τ
1801 5661 1849 5713 214
1868 5665 1929 5714 dura
1946 5665 1967 5713 Τ

343 5751 393 5802 222
417 5750 564 5813 gy'rrutaricb
592 5752 613 5798 Τ
748 5750 797 5800 22ῖ
823 5757 867 5799 aut
894 5750 915 5797 Τ
1050 5748 1096 5799 231
1124 5752 1268 5799 abbreuiata
1290 5752 1392 5811 scripsi,
1418 5750 1461 5798 du
1485 5750 1597 5798 branlats
1617 5751 1651 5809 Τ,
1676 5763 1733 5797 nam
1754 5750 1868 5798 braulats
1886 5748 1961 5808 Musa,

342 5837 392 5887 235
409 5839 526 5886 damnare
545 5836 634 5897 Muta,
659 5837 763 5886 clamare
784 5837 805 5883 T
942 5835 991 5884 242
1010 5835 1108 5903 madidc
1126 5836 1406 5907 fatas-rcripsipmalc
1424 5832 1468 5883 cdn
1486 5837 1566 5883 lassas
1587 5834 1614 5895 Τ,
1641 5836 1706 5883 male
1723 5848 1853 5884 canum·
1872 5834 1961 5893 Musa„

340 5924 381 5971 sed
398 5924 432 5983 cs.
454 5923 493 5971 ll'
509 5925 567 5973 427.
590 5924 639 5969 aba
743 5920 791 5970 244
811 5936 908 5969 accurre
928 5922 949 5968 Τ
1001 5901 1023 5913 ⁴
1050 5920 1100 5970 246
1119 5922 1192 5970 rlnrls
1212 5922 1240 5981 Τ,
1260 5902 1338 5970 clarat
1355 5920 1473 5969 dubitant
1491 5921 1566 5970 Beltlt.

1719 6020 1759 6073 G}
