5034 6730
891 564 932 619 lu
949 562 1107 620 Ltvnnu
1125 562 1267 619 lvsslul
1284 564 1356 619 LIB.
1376 563 1426 619 lv.

734 760 875 820 armatas
897 754 1020 821 olasses
1041 754 1163 820 ratibus
1185 773 1258 820 oum
1280 754 1369 821 mille
1391 762 1549 840 pararunt.

733 859 794 923 iila
814 860 903 944 prius
924 859 1030 925 laetae
1053 859 1237 944 speotaoula
1258 858 1405 944 praebuit
1427 859 1497 924 urbi

734 960 868 1027 fabrioa.
914 962 1069 1027 mirantur
1090 962 1217 1047 populi,
1244 961 1413 1046 studioque
1435 962 1567 1030 videndi

734 1064 837 1130 omnio
858 1083 1049 1131 oonoorrens
1071 1084 1168 1131 sexus
1189 1065 1340 1131 veniebat
1361 1072 1393 1132 et
1414 1072 1517 1132 aetas.

734 1167 899 1234 roboribus
919 1166 1013 1233 flexis
1034 1174 1152 1234 teretes
1174 1174 1365 1234 eurvorerat
1385 1187 1479 1234 orons

733 1269 889 1336 artificum
911 1270 1085 1356 praedoota
1106 1289 1238 1352 manus,
1263 1271 1471 1355 trabibusque
1493 1272 1616 1338 mvatis

733 1373 880 1458 adfigent
901 1375 1029 1441 tabulas
1051 1374 1230 1461 pendentes
1253 1380 1414 1441 struxerat
1435 1375 1552 1459 aedes,

732 1484 881 1564 quattuor
902 1477 1078 1544 informans
1100 1479 1217 1544 molem
1239 1479 1431 1545 stationibus
1454 1499 1568 1563 unam,

732 1585 840 1649 buxea
861 1582 1008 1668 populeis
1029 1589 1145 1669 aptans
1167 1582 1320 1667 capitella
1342 1584 1498 1649 oolnmnis

732 1687 931 1770 materiaque
951 1686 1025 1771 ipsa
1046 1687 1142 1752 bases
1164 1685 1348 1753 firmaverat
1369 1687 1470 1754 imas:

732 1790 839 1856 omnia
860 1789 1026 1855 roboribus
1048 1795 1195 1855 sternunt
1215 1790 1287 1856 looa
1308 1791 1408 1875 plana
1428 1791 1548 1876 politis.

731 1893 928 1977 ooniungnnt
948 1884 1077 1959 tabulas
1099 1892 1133 1959 ei
1153 1891 1230 1960 ferri
1250 1893 1388 1959 nexibus
1409 1899 1533 1976 artant,

732 2017 815 2082 quae
836 1996 962 2081 pondus
984 1995 1198 2081 strepitusque
1220 1996 1324 2061 virum
1346 2002 1513 2080 motusque
1535 1996 1673 2064 faventis

731 2102 816 2168 ferre
838 2107 956 2185 queant
978 2098 1099 2186 populi.
1147 2107 1332 2166 ounotornm
1353 2088 1446 2185 terga
1467 2101 1607 2167 looorum

729 2206 951 2288 altumumque
973 2204 1058 2270 istus
1080 2203 1235 2270 oonolusit
1256 2203 1368 2279 aeotiie
1391 2204 1531 2288 tignum,

730 2307 870 2392 undique
892 2307 1073 2389 munimen,
1098 2306 1198 2373 deous
1220 2313 1253 2373 et
1273 2307 1431 2374 tutamina
1451 2309 1622 2394 praebens.

729 2412 916 2497 disposuere
937 2408 1077 2495 gradus²
1103 2410 1176 2492 quis
1198 2416 1298 2476 staret
1318 2409 1353 2475 in
1375 2410 1487 2477 ordine
1509 2412 1605 2495 longo

730 2514 868 2581 diuisum
889 2514 923 2579 in
945 2520 1067 2579 turmas
1088 2518 1186 2597 atque
1206 2512 1241 2578 in
1263 2530 1324 2578 oua
1346 2532 1477 2599 corpora
1499 2515 1634 2599 vulgus,
1720 2564 1726 2575 .

728 2625 839 2705 posset
860 2624 895 2684 ut
915 2622 1043 2684 exertas
1064 2616 1107 2682 ad
1129 2635 1263 2683 munera
1283 2616 1417 2684 tendere
1438 2618 1580 2703 palmas,

728 2723 862 2789 liberius
884 2727 1031 2807 spectare
1052 2720 1154 2786 oeulis
1176 2720 1387 2804 manibusque
1409 2720 1537 2805 favere,

728 2834 761 2893 et
782 2825 877 2892 donis
899 2831 1011 2911 aptare
1033 2823 1142 2907 sinus,
1168 2843 1252 2906 quse
1274 2824 1413 2908 plurima
1434 2828 1546 2892 oonsnl

725 2930 759 2995 in
781 2929 894 3016 plebes
914 2927 1072 2993 missurus
1093 2934 1180 3009 erat,
1205 2928 1394 3012 palmasque
1417 2948 1554 3015 oapaoes

726 3032 876 3115 tendere,
902 3050 965 3116 quo
986 3031 1120 3097 veniens
1141 3031 1207 3096 late
1228 3030 1321 3117 pluet
1340 3051 1458 3100 aureus
1480 3033 1594 3101 imber.

813 3142 848 3201 ut
869 3135 962 3202 labor
982 3134 1140 3200 artifioum
1162 3133 1305 3219 perfetta
1326 3134 1409 3200 mole
1431 3136 1571 3221 quievit,

726 3246 822 3324 atque
845 3238 952 3325 operis
974 3237 1055 3304 tanti
1077 3238 1172 3304 nituit
1193 3238 1310 3321 decus,
1336 3239 1443 3304 omnia
1466 3242 1548 3324 iate,

726 3362 809 3426 quae
831 3342 925 3409 modo
948 3342 1107 3425 lignorum
1129 3341 1321 3425 squalebant
1343 3341 1519 3427 fragmine,
1546 3347 1719 3427 mundant,

724 3453 941 3531 exornantque
963 3447 1067 3528 locos,
1093 3452 1125 3511 et
1146 3444 1232 3511 festa
1253 3444 1366 3512 fmnde
1389 3456 1542 3515 ooronant

610 3632 615 3641 Ι
723 3557 832 3637 partes
853 3550 972 3634 quique
993 3566 1080 3614 suas.
1126 3548 1200 3614 fixio
1221 3549 1369 3615 tabulata
1389 3550 1537 3618 virebant

723 3656 902 3741 palmarum
921 3652 1021 3719 ramis
1043 3657 1076 3718 et
1097 3652 1221 3718 amicae
1242 3652 1333 3738 pacis
1356 3653 1471 3720 olivae.

724 3763 839 3824 oonota
860 3754 1064 3841 triumphalis
1086 3754 1262 3840 pendentia
1284 3756 1425 3822 eulmina
1446 3758 1557 3825 laurus

724 3861 819 3927 oomit
840 3865 873 3926 ot
894 3859 1092 3944 ampleotens
1114 3858 1202 3924 foliis
1223 3858 1371 3925 felicibus
1393 3861 1503 3927 ambit.

723 3985 804 4048 quos
824 3963 895 4031 illio
916 3962 1027 4045 ludos,
1053 3980 1136 4046 qnae
1158 3962 1240 4028 feria
1261 3964 1380 4048 vulgus
1403 3965 1559 4032 babebat!

723 4067 834 4135 ludere
855 4067 1060 4151 numatius,
1086 4066 1168 4132 alios
1190 4073 1336 4152 spectare
1358 4067 1486 4134 videres

723 4172 812 4238 mille
834 4171 1032 4256 voluptatum
1056 4170 1190 4255 speeies.
1236 4171 1400 4236 velamina
1421 4172 1573 4253 tendunt,

724 4283 759 4343 ut
779 4276 852 4341 loeo
872 4292 1019 4358 quaeque
1041 4273 1168 4339 donent.
1215 4273 1345 4359 utplus
1368 4274 1540 4358 mirentur,
1566 4277 1766 4343 obumbrant.

722 4378 808 4463 quod
829 4377 926 4461 vulgo
949 4382 1015 4459 est,
1041 4377 1107 4442 vile
1129 4384 1193 4443 est:
1220 4374 1377 4460 quidquid
1399 4377 1495 4460 latet,
1522 4385 1627 4459 extat,
1654 4381 1805 4459 honorat;

722 4480 871 4566 quodque
893 4480 997 4564 magis
1018 4480 1154 4563 tegitur,
1180 4479 1275 4564 pretii
1296 4479 1427 4546 maioris
1450 4481 1594 4548 habetur.

722 4593 797 4652 tuno
817 4584 1008 4650 interclusos
1030 4582 1112 4648 nulli
1132 4581 1269 4649 transire
1291 4583 1351 4649 sub
1373 4603 1468 4650 arous

722 4705 908 4754 oonoessum
931 4693 995 4753 est:
1022 4684 1144 4752 eunctis
1167 4685 1273 4751 medio
1295 4686 1350 4751 via
1371 4687 1438 4753 lata
1459 4695 1579 4774 patere.

808 4792 864 4858 lux
886 4796 1000 4856 ootava
1020 4810 1102 4855 novo
1124 4789 1288 4855 nasoentis
1310 4790 1430 4857 lumine
1453 4792 1573 4858 Christi

721 4894 755 4959 in
777 4912 813 4959 se
835 4892 994 4960 volventis
1016 4893 1156 4977 vestigia
1176 4891 1312 4959 flexerat
1332 4894 1426 4965 anni:

722 5018 811 5063 more
833 5014 892 5062 ouo
914 5016 1044 5062 ourrens
1066 5002 1165 5062 totum
1189 4998 1395 5083 oonpleverat
1416 4999 1525 5065 orbem

684 5162 700 5169 ,,
723 5100 861 5167 oiroulus
883 5099 1016 5166 alterius
1038 5099 1182 5166 referens
1205 5101 1246 5167 do
1268 5099 1331 5168 fine
1355 5100 1478 5167 dierum

404 5398 867 5463 bbuiuondilm.‚uideud19m.
889 5396 917 5446 Μ
1047 5397 1080 5448 to
1099 5398 1191 5447 oabatts
1210 5403 1222 5447 1
1242 5413 1288 5461 m,
1308 5401 1487 5449 mustiatm.
1510 5399 1538 5447 Μ
1668 5399 1699 5449 57
1718 5401 1912 5460 umgenitum.
1933 5401 1962 5449 Μ

336 5487 369 5537 66
387 5488 458 5535 butes
476 5489 531 5549 ipso
548 5487 618 5549 ὅσῳ.
723 5486 864 5535 firmabunt
883 5488 894 5532 1
915 5499 962 5544 m.,
986 5485 1126 5533 ssrmsnerat
1146 5488 1212 5535 im.
1235 5483 1263 5531 Μ
1365 5485 1397 5533 66
1416 5487 1479 5535 istos
1496 5486 1604 5534 oonlnsit
1623 5485 1651 5532 Μ
1753 5486 1786 5535 66
1803 5500 1914 5549 prensus
1934 5488 1961 5534 Μ

335 5572 367 5621 67
386 5572 474 5635 uades
492 5577 504 5620 1
524 5587 570 5632 m.,
590 5572 767 5632 grednaim.
789 5570 817 5618 Μ
918 5571 952 5619 69
971 5575 999 5618 nt
1016 5573 1113 5631 scripsi,
1132 5577 1159 5619 et
1176 5577 1205 5619 nt
1224 5570 1259 5634 Μ,
1286 5577 1313 5619 et
1330 5572 1393 5619 Ruta
1497 5572 1530 5620 76
1547 5572 1651 5621 liueriua
1670 5571 1698 5618 Μ
1801 5572 1832 5621 72
1851 5573 1959 5635 polmus-

334 5656 731 5722 quantumquantum
835 5655 997 5705 tornuerre
1099 5656 1132 5706 76
1150 5658 1386 5721 qnisquedubitauu
1403 5659 1564 5719 i‘ooeirflpee.
1579 5660 1613 5706 36
1717 5656 1750 5706 66
1768 5660 1908 5719 quaereris
1922 5658 1957 5719 M,

334 5760 399 5808 qnae
418 5744 622 5805 semsDanpot„
642 5745 1169 5806 feriasqutsoetqnoeieutaquemolim
1272 5744 1404 5793 sotloea
1423 5749 1496 5803 Im„
1516 5744 1694 5793 utiooetm.
1711 5743 1746 5804 Μ,
1766 5751 1793 5793 et
1810 5744 1863 5794 loeo
1882 5746 1954 5808 76η.

336 5830 369 5882 66
381 5833 485 5881 honorat
497 5831 532 5891 Μ,
546 5831 667 5880 bonorum
680 5830 743 5879 sou
829 5829 861 5879 67
875 5830 1184 5894 quoqnedubituoolatq.
1268 5829 1301 5880 68
1313 5844 1380 5880 areos
1394 5835 1406 5879 1
1421 5847 1465 5891 m.,
1480 5833 1624 5879 amusim.
1641 5829 1670 5877 Μ
1748 5829 1781 5879 69
1794 5830 1926 5879 uiolataM

334 5924 420 5982 patere
440 5916 475 5979 Μ,
495 5919 597 5982 potebat
614 5917 677 5966 ituit
