5034 6730
1361 557 1508 612 CORIPPI

1008 748 1041 811 in
1064 747 1164 815 laoies
1186 747 1331 812 oeoidere
1354 767 1440 813 suas.
1492 748 1680 829 miserere,
1706 749 1861 833 perimus'

1006 850 1149 915 insonuit
1171 870 1232 915 vox
1255 871 1374 933 magna
1395 850 1462 916 diu.
1514 852 1605 935 ‘lege
1628 870 1720 917 saura
1742 852 1883 936 parentis

1008 953 1210 1038 syngrapha,
1237 953 1399 1020 detentis
1422 955 1576 1021 rationem
1600 955 1717 1039 collige
1740 955 1872 1021 obortis.

1007 1057 1070 1122 iam
1094 1057 1196 1123 servis
1219 1077 1366 1123 suouurre
1389 1058 1465 1123 tuis.
1511 1078 1571 1123 nos
1592 1066 1701 1123 nostra
1722 1058 1843 1124 iubenti

1008 1160 1201 1226 credidimus
1224 1160 1371 1226 dominis.
1418 1162 1509 1227 vobis
1531 1162 1603 1245 quis
1625 1169 1731 1227 vestra
1753 1170 1902 1246 negaret,

1008 1284 1079 1329 eum
1102 1272 1242 1330 vestrum
1266 1272 1332 1347 est,
1358 1266 1443 1348 quod
1464 1266 1601 1331 mundus
1624 1265 1742 1332 habeti
1770 1266 1851 1348 sois,
1876 1285 2000 1331 summe
2022 1274 2206 1350 regentum,

1007 1367 1136 1452 publiea
1158 1367 1236 1449 quid
1258 1374 1364 1434 vestro
1385 1367 1507 1453 prosint
1529 1368 1828 1435 commercialium.

1007 1470 1093 1537 unde
1115 1470 1233 1537 tributa
1253 1471 1319 1536 tuis
1342 1470 1514 1537 suooedent
1535 1491 1643 1537 annua
1664 1472 1777 1554 rebus,

904 1582 909 1593 '
1007 1573 1135 1640 deficiet
1155 1573 1183 1638 si
1205 1580 1314 1639 nostra
1335 1580 1470 1639 marrus}l
1513 1575 1572 1641 tibi
1593 1574 1712 1641 militat
1733 1597 1842 1657 omne,

898 1699 911 1737 s
1007 1677 1092 1759 quod
1114 1677 1266 1760 gerimus.
1313 1696 1389 1759 nos,
1415 1698 1498 1760 quae
1521 1685 1576 1743 tua
1598 1685 1688 1761 sunt,
1713 1679 1840 1763 privata
1861 1698 2022 1746 vocamus.

1006 1779 1061 1845 vix
1082 1780 1176 1846 nobis
1198 1780 1283 1846 vitae
1306 1787 1452 1846 constant
1474 1782 1626 1846 alimenta
1648 1781 1783 1848 diurnae

1006 1883 1162 1964 adflictis,
1189 1905 1272 1967 quae
1294 1885 1391 1968 longa
1415 1884 1486 1949 dies
1509 1885 1667 1968 longoque
1689 1886 1799 1950 labore

1007 2007 1075 2052 sors
1098 1986 1240 2070 quaerit,
1265 2008 1445 2073 parvosque
1468 1988 1555 2053 eibos
1579 1989 1637 2052 sub
1660 1996 1752 2055 noete
1774 1990 1923 2074 reponit'.

1005 2090 1083 2158 flere
1105 2092 1160 2157 diu
1182 2098 1289 2156 tantos
1313 2091 1453 2156 laerimis
1475 2113 1538 2157 non
1560 2111 1676 2177 passus
1699 2091 1824 2158 acerbis

1006 2195 1168 2260 condoluit
1189 2195 1364 2277 miserans,
1391 2202 1423 2260 et
1444 2215 1479 2260 se
1501 2195 1621 2280 pietate
1645 2196 1772 2279 subegit

1005 2297 1132 2381 legibus
1154 2298 1237 2364 ultro
1260 2298 1337 2362 suis.
1389 2298 1512 2363 ‘aliena
1535 2298 1684 2383 peounia'
1709 2298 1792 2364 dixit

1009 2401 1194 2466 ‘reddenda
1215 2409 1281 2482 est,
1307 2401 1400 2466 vivus
1422 2402 1505 2487 patri
1527 2401 1582 2483 qui
1605 2401 1747 2467 substitit
1767 2402 1888 2468 beros’.

1007 2504 1174 2570 thesauros
1196 2504 1270 2571 fidis
1292 2504 1434 2589 privatos
1457 2504 1540 2570 ferre
1562 2504 1715 2570 ministris

1006 2608 1154 2693 imperat.
1199 2608 1386 2674 innumerae
1408 2628 1482 2673 mox
1503 2606 1663 2674 advenere
1687 2615 1835 2675 catervae

1007 2710 1102 2777 fortia
1124 2711 1267 2777 centenis
1289 2718 1439 2777 oneratae
1461 2710 1595 2777 brachia
1616 2711 1718 2776 libris.

1007 2814 1183 2900 deposuere
1206 2814 1335 2880 umeris.
1382 2823 1505 2879 turmae
1527 2815 1746 2899 glomerantur
1767 2814 1800 2881 in
1823 2836 1938 2899 unum,

1007 2925 1040 2985 ot
1061 2925 1147 2985 totus
1169 2918 1241 2983 fuso
1263 2918 1367 2984 uirens
1389 2917 1589 3003 resplenduit
1610 2938 1698 2983 auro.

1005 3026 1081 3087 tuno
1103 3021 1207 3106 posita
1228 3020 1350 3086 ratione
1373 3021 1498 3105 palam,
1524 3021 1705 3106 populoque
1727 3020 1872 3103 vidente,

1006 3122 1116 3189 debita
1137 3124 1291 3209 persolvit
1312 3123 1483 3208 genitoris,
1508 3131 1604 3189 oauta
1624 3125 1754 3208 recepit

1007 3227 1127 3311 gaudia
1149 3234 1268 3311 quanta
1289 3225 1373 3309 illio,
1399 3232 1535 3310 quantus
1557 3227 1661 3292 lavor!
1711 3228 1852 3312 undique
1874 3229 1978 3295 laetus

1005 3330 1128 3396 tollitur
1149 3330 1183 3395 in
1206 3330 1330 3396 eaelum
1352 3331 1542 3415 populorum
1564 3331 1685 3396 elamor
1705 3338 1867 3398 ovantum.

1007 3434 1163 3499 mirantur
1183 3452 1349 3519 proceres,
1374 3433 1530 3498 mirantur
1551 3434 1631 3499 talia
1651 3433 1775 3519 plebes.

1007 3537 1081 3603 hino
1102 3537 1189 3602 rutili
1211 3538 1320 3603 lueent
1341 3536 1460 3602 ehartis
1482 3537 1668 3603 ardentibus
1690 3538 1801 3621 ignes,

1006 3640 1081 3706 bine
1101 3639 1207 3705 radiat
1228 3639 1351 3705 fulvum
1374 3646 1560 3705 oonoertans
1580 3639 1712 3724 ignibus
1733 3661 1856 3706 aurum.

1007 3743 1081 3809 hino
1104 3743 1231 3808 chartas
1253 3742 1391 3808 flammis
1414 3742 1582 3826 subigunt,
1608 3742 1682 3807 hino
1704 3743 1845 3828 pondere
1867 3744 1955 3811 fusos

1007 3853 1188 3929 exaequant
1210 3846 1348 3925 solidos,
1375 3853 1408 3911 et
1428 3846 1552 3912 laneem
1575 3846 1691 3931 polliee
1713 3848 1854 3932 pulsant.

1007 3957 1082 4016 tune
1104 3949 1228 4014 sinibus
1249 3948 1356 4034 plenis
1378 3950 1515 4031 abeunt,
1542 3955 1740 4032 quaestuque
1762 3951 1922 4031 laborant,

1007 4053 1164 4135 elatisque
1186 4051 1289 4118 oeulis
1311 4072 1367 4136 pro
1389 4051 1457 4118 vita
1478 4052 1632 4137 prineipis
1654 4060 1754 4119 orant.

1007 4156 1126 4240 largior
1146 4155 1296 4221 inventus
1318 4163 1408 4240 patre
1431 4163 1497 4237 est,
1523 4155 1711 4220 elementior
1730 4154 1834 4235 idem,

1007 4260 1060 4344 qui
1083 4259 1199 4325 virtute
1221 4259 1319 4324 animi
1341 4266 1479 4325 mentem
1503 4258 1641 4324 caleavit
1661 4258 1819 4340 habendi,

1005 4362 1137 4449 publiea
1158 4362 1282 4448 privato
1304 4382 1375 4428 ourn
1399 4361 1507 4428 debita
1529 4361 1678 4427 redderet
1698 4383 1776 4427 auro

1006 4472 1120 4551 sponte
1142 4485 1218 4549 sua,
1244 4466 1393 4532 dominus
1416 4466 1517 4532 servis
1540 4465 1710 4530 miseratus
1732 4465 1857 4548 egenis.

1005 4570 1180 4655 priscorum
1203 4571 1263 4635 hoe
1285 4591 1348 4636 uno
1370 4570 1447 4635 vicit
1467 4587 1569 4635 novus
1591 4569 1697 4634 omnia
1718 4568 1803 4634 laeto

1006 4673 1093 4738 laeta
1115 4673 1187 4756 pius
1209 4674 1367 4759 prinoeps.
1416 4672 1562 4756 quamvis
1584 4672 1718 4738 meliora
1739 4680 1928 4756 sequantur,

1006 4777 1067 4841 hoo
1088 4775 1224 4860 primum
1247 4783 1354 4842 tamen
1376 4796 1469 4841 omen
1492 4783 1576 4857 erat,
1603 4774 1688 4858 quod
1710 4776 1818 4841 nullus
1841 4796 1971 4841 avorum

1006 4881 1168 4963 Augustos
1191 4900 1340 4962 umquam
1363 4880 1477 4945 oeeinit
1497 4879 1613 4944 fecisse
1635 4878 1767 4964 priores.

687 5212 738 5262 379
756 5213 882 5262 dominum
902 5216 915 5261 1
935 5227 981 5273 m.,
1002 5210 1110 5259 dominis
1128 5212 1144 5257 2
1160 5225 1195 5258 m.
1216 5207 1251 5270 M,
1271 5208 1369 5256 domino
1386 5207 1450 5255 Rau
1554 5205 1599 5255 371,
1621 5207 1698 5256 babet
1714 5207 1774 5255 aad.
1793 5208 1810 5256 3
1827 5222 1860 5256 ra.
1882 5205 1911 5254 M
2012 5208 2062 5258 372
2080 5212 2144 5273 qnod
2164 5218 2176 5261 1
2193 5231 2239 5275 m„

617 5300 679 5363 quid
698 5301 764 5348 lm.
786 5299 814 5346 M
875 5340 883 5359 ,
951 5298 1095 5345 commertia
1113 5294 1140 5342 M
1278 5293 1327 5342 373
1349 5294 1516 5342 succedunt!
1537 5309 1588 5355 m.,
1617 5294 1751 5343 succedent
1769 5296 1785 5340 2
1802 5309 1835 5344 m.
1858 5293 1886 5340 M
2022 5295 2071 5344 377
2096 5299 2198 5347 sitietis
2217 5299 2244 5347 Μ

618 5386 667 5433 378
686 5385 754 5432 oluou
774 5388 847 5443 lm„
866 5384 934 5432 eibos
952 5384 1013 5430 am.
1030 5381 1058 5429 Μ
1159 5380 1209 5429 379
1228 5386 1309 5429 tantos
1333 5380 1413 5428 Vonck
1426 5381 1493 5428 [ια.
1510 5381 1567 5440 107,
1589 5382 1665 5429 tontis
1681 5380 1710 5427 M
1810 5394 1914 5428 aceruus
1934 5385 2004 5439 lm.,
2024 5384 2120 5431 acerbis
2139 5386 2198 5435 Pru.
2217 5386 2243 5433 M

617 5470 666 5521 38⁸2
686 5471 808 5532 putereul
822 5474 834 5518 1
848 5485 894 5532 m.,
909 5470 1103 5532 putriqult’m.
1120 5466 1148 5515 M
1238 5465 1287 5515 385
1306 5467 1416 5514 honerati
1430 5465 1465 5526 M,
1479 5466 1723 5516 oedlitterulrerasu
1815 5466 1864 5517 386
1883 5472 1978 5515 turmae
1992 5467 2027 5529 Μ,
2042 5472 2239 5531 summael'opp.
2312 5516 2316 5527 ,

618 5558 667 5605 389
686 5556 740 5618 pala
760 5560 772 5604 1
791 5571 835 5615 m.,
858 5558 937 5620 palam
957 5558 1022 5604 Par.
1046 5554 1074 5602 M
1184 5554 1234 5601 339
1252 5554 1351 5602 deuicta
1371 5552 1406 5615 M,
1425 5555 1627 5602 litterararum
1739 5553 1790 5603 390
1807 5556 1876 5603 labor
1894 5553 1923 5601 M
2025 5553 2075 5604 392
2093 5556 2144 5604 alia
2162 5561 2173 5605 1
2194 5573 2239 5617 m.,

615 5643 676 5691 talia
695 5644 711 5690 9
727 5659 762 5692 m.
784 5642 813 5690 M
949 5641 999 5691 399
1017 5647 1087 5704 patre
1107 5640 1148 5701 M,
1176 5640 1217 5689 sed
1235 5642 1329 5689 litterae
1345 5645 1481 5701 postremae
1498 5642 1534 5687 tto
1551 5655 1635 5689 erosae
1652 5646 1725 5701 aaut,
1753 5646 1782 5690 ut
1800 5643 1853 5704 pati
1870 5644 1985 5703 supersit,
2014 5646 2085 5703 pater
2103 5643 2161 5703 legit
2178 5642 2242 5691 Rata

616 5729 661 5779 «tot
685 5730 783 5792 priuato
801 5744 857 5777 oum
875 5731 958 5778 debite
978 5729 1103 5777 Meurslus
1123 5728 1204 5790 Opera
1229 5728 1263 5773 Vl
1278 5744 1304 5789 p.
1327 5729 1385 5791 169,
1413 5727 1472 5777 Crit.
1494 5728 1586 5777 Amol.
1607 5728 1648 5775 lV
1665 5731 1707 5788 rt,
1733 5730 1831 5791 priuato
1849 5729 1934 5777 deuito
1952 5732 1964 5776 1
1984 5743 2035 5789 m.,
2061 5729 2159 5790 priuato
2177 5730 2242 5791 quod

616 5816 703 5864 deuito
727 5818 793 5864 tm.
814 5814 855 5875 M,
885 5816 984 5875 priuato
1006 5815 1066 5862 dnm
1091 5815 1176 5863 debita
1194 5814 1255 5863 17111.
1396 5813 1446 5863 102
1472 5816 1554 5864 serula
1578 5843 1612 5852 —
1635 5816 1722 5878 egenis
1741 5819 1752 5863 1
1774 5831 1825 5876 m.,
1854 5828 1992 5863 seruos-
2014 5825 2104 5875 egenos
2128 5815 2195 5861 Pur.
2216 5812 2245 5861 M

615 5900 666 5961 404
684 5903 742 5971 plns
758 5902 845 5964 Vortolr,
866 5902 936 5967 prius
955 5900 983 5948 M
1085 5900 1137 5950 496
1155 5906 1277 5965 augustus
1297 5900 1325 5949 M
