5030 6734
1296 549 1443 608 CORlPPl

926 761 980 807 ore
1003 740 1161 823 fremens,
1187 740 1369 825 frangitque
1392 742 1477 807 viros
1499 741 1614 807 virtute
1638 747 1795 824 potentes.

927 844 1131 935 congreditur
1152 845 1221 909 viso
1243 864 1302 910 nec
1324 845 1453 910 territus
1475 845 1567 910 hoste
1589 844 1735 911 tribunus

926 948 1033 1029 irruit,
1059 948 1248 1031 infensoque
1271 948 1374 1013 virum
1395 967 1545 1013 mucrone
1568 947 1708 1032 petebat.

927 1058 1001 1117 ante
1024 1049 1083 1116 sed
1104 1050 1282 1135 oppositam
1304 1051 1452 1117 transivit
1473 1051 1586 1115 lancea
1612 1070 1773 1134 parmam,

926 1153 1022 1237 inque
1045 1153 1107 1219 viri
1129 1154 1224 1218 costis
1247 1153 1312 1218 lato
1335 1154 1423 1219 stetit
1443 1154 1588 1238 improba
1610 1153 1703 1218 ferro.

1012 1257 1153 1323 nescitur
1174 1256 1251 1323 inde
1273 1256 1391 1339 fragor.
1438 1256 1566 1339 magnis
1588 1263 1739 1321 montana
1760 1256 1916 1321 resultant

927 1359 1075 1441 vocibus,
1102 1367 1135 1426 et
1155 1360 1256 1424 fracto
1278 1359 1438 1425 crudescit
1459 1379 1568 1444 pugna
1589 1358 1737 1423 tumultu.

927 1464 1063 1529 Antalae
1086 1463 1187 1528 virtus
1209 1463 1368 1528 venientis
1390 1463 1523 1528 sausoitat
1548 1462 1632 1538 iras,

927 1585 1080 1650 spemque
1103 1565 1192 1632 dedit
1214 1565 1318 1631 victis.
1364 1565 1478 1631 iterum
1502 1584 1686 1630 concurrere
1709 1570 1842 1629 certant.

927 1668 1059 1751 agmina
1080 1668 1255 1733 densantur
1277 1668 1416 1749 cunctis,
1443 1668 1593 1751 aciesque
1615 1674 1781 1733 novantur.

927 1772 997 1856 ipse
1019 1771 1075 1837 ubi
1097 1771 1239 1837 collectis
1262 1771 1400 1837 firmavit
1421 1772 1534 1838 robora
1555 1771 1685 1853 turmis,

928 1895 986 1960 per
1007 1874 1130 1940 medios
1152 1894 1246 1941 enses
1269 1875 1416 1957 quatiens
1438 1875 1611 1940 acerrimus
1633 1875 1759 1939 hastam

926 1977 1033 2061 irruit,
1060 1986 1093 2044 et
1114 1977 1231 2044 densos
1254 1978 1392 2044 volitans
1415 1978 1572 2063 perfertur
1594 1978 1628 2043 in
1650 1979 1769 2043 hostes.

1014 2082 1128 2146 obvius
1150 2080 1276 2148 ardenti
1298 2082 1418 2166 primus
1441 2102 1512 2148 sese
1535 2081 1650 2147 obtulit
1673 2081 1795 2161 Omns,

931 2185 1086 2250 Romulea
1108 2205 1171 2249 non
1192 2193 1288 2268 gente
1311 2193 1419 2267 satus,
1445 2206 1540 2268 quem
1563 2184 1692 2250 Persica
1714 2193 1815 2251 mater

930 2287 1034 2353 edidit
1054 2287 1098 2352 ad
1119 2288 1258 2368 bellum,
1284 2287 1390 2372 rapuit
1410 2296 1517 2353 umen
1539 2287 1649 2353 Africa
1671 2288 1765 2353 matri

823 2414 835 2452 s
931 2392 1068 2455 Antalae
1090 2398 1261 2475 superante
1284 2409 1390 2455 manu.
1437 2411 1575 2474 namque
1597 2392 1718 2457 arduus
1739 2391 1865 2458 hastam

932 2493 1053 2560 viribus
1075 2493 1276 2577 intorquens,
1303 2495 1442 2580 clipeum
1465 2494 1623 2560 transfixit
1644 2502 1676 2559 et
1699 2495 1834 2560 bostem.

932 2596 1075 2682 protinus
1097 2596 1230 2678 infelix,
1257 2597 1332 2662 fatis
1354 2598 1480 2663 oblatus
1503 2598 1640 2680 iniquis,

932 2701 1063 2765 Arsacis
1086 2700 1233 2781 occurrit,
1260 2701 1356 2766 crudo
1379 2721 1472 2782 quem
1496 2700 1640 2766 fervidus
1663 2720 1739 2767 ense

933 2803 1068 2868 Anialas
1090 2802 1231 2868 medium
1252 2811 1394 2886 ueneat,
1421 2825 1485 2886 qua
1507 2804 1645 2886 cingitur
1665 2812 1787 2886 artum,

933 2914 1070 2990 extaque
1092 2927 1150 2990 per·
1170 2907 1316 2989 geminas
1338 2907 1440 2973 secuit
1462 2908 1616 2992 spirantia
1638 2915 1755 2994 partes.

932 3010 1008 3075 inde
1030 3009 1104 3076 ferit
1124 3008 1277 3094 pavidum
1300 3030 1455 3076 conversa
1477 3010 1609 3096 cuspide
1631 3012 1788 3093 Maleum,

933 3112 1172 3194 Artemiumque
1194 3111 1304 3179 furens
1326 3120 1359 3179 et
1379 3113 1458 3179 duro
1480 3115 1607 3181 nomine
1629 3116 1773 3181 Maurum

932 3216 1142 3299 transadigit,
1168 3215 1316 3299 socioque
1338 3216 1456 3282 infixus
1478 3216 1576 3282 deicit
1597 3217 1704 3283 ictum.

1018 3318 1139 3385 Zudius
1161 3319 1287 3385 eximiis
1310 3320 1406 3403 longe
1428 3321 1662 3405 praesumptior
1683 3321 1781 3386 armis

934 3416 1110 3507 contempto
1132 3422 1232 3507 pedes
1255 3422 1322 3488 ibat
1344 3443 1443 3507 equo,
1469 3423 1642 3507 turbasque
1663 3424 1809 3489 tribunus

933 3525 1067 3590 hostiles
1090 3527 1253 3592 sternebat
1275 3545 1386 3591 ovans.
1432 3526 1560 3610 iamque
1582 3526 1640 3591 ille
1661 3527 1823 3591 Misantan

932 3627 1061 3693 fuderat
1081 3635 1113 3693 et
1134 3628 1281 3694 Tiseran.
1327 3629 1458 3695 ‘liseras
1480 3629 1521 3694 de
1543 3629 1637 3714 plebe
1660 3629 1790 3707 rebelli,

932 3731 1122 3797 Mansitalas
1143 3731 1293 3815 pinnatus
1315 3740 1392 3797 erat.
1439 3740 1514 3798 tumc
1536 3732 1633 3797 mittit
1654 3732 1697 3797 ad
1720 3733 1849 3798 umbras

933 3834 1087 3899 immitem
1109 3834 1241 3916 Sangin.
1288 3833 1444 3899 tumidum
1467 3835 1655 3920 compressit
1675 3838 1827 3901 Amarum

935 3945 968 4002 et
990 3936 1120 4001 Garafin
1143 3936 1326 4021 lilifanque
1349 3937 1429 4003 duos
1451 3959 1509 4022 per
1530 3938 1664 4004 vulnera
1685 3939 1800 4005 fratres

936 4040 1047 4105 stravit
1069 4038 1167 4105 humi.
1215 4039 1313 4107 frater
1334 4040 1518 4106 morientem
1541 4041 1623 4108 vidit
1644 4049 1777 4125 uterque

935 4163 1121 4228 germanum
1145 4142 1292 4208 moriens.
1340 4143 1510 4209 doluerunt
1532 4152 1661 4229 pectora
1681 4145 1792 4212 matris

934 4256 1077 4332 tempore
1100 4254 1165 4313 tam
1188 4246 1284 4330 longo
1305 4246 1412 4313 tristes
1433 4266 1570 4331 passura
1592 4248 1729 4315 dolores.

934 4351 1019 4416 huno
1041 4351 1149 4435 procul
1172 4350 1339 4416 ardentem
1361 4369 1494 4416 cernens
1516 4372 1537 4416 a
1559 4352 1640 4417 colle
1663 4352 1797 4419 Sidafen

935 4454 1048 4520 obvius
1069 4453 1115 4519 ire
1137 4460 1240 4538 parat.
1288 4462 1362 4519 tunc
1385 4454 1511 4538 Syrtica
1533 4455 1690 4522 contrahit
1711 4476 1818 4538 arma,

935 4557 1237 4641 magnanimumque
1259 4557 1340 4641 petit
1360 4557 1537 4624 ferventem
1560 4558 1660 4624 caede
1682 4559 1859 4640 tribunum,

933 4680 1028 4744 quern
1049 4680 1200 4726 numerus
1223 4660 1386 4745 virtusque
1408 4661 1534 4746 premit.
1581 4660 1770 4728 circumfluit
1791 4663 1892 4728 hostis

934 4763 1071 4846 densus,
1097 4772 1129 4830 et
1149 4763 1276 4829 iniectis
1299 4765 1486 4849 perturbant
1508 4765 1650 4848 undique
1673 4766 1758 4832 telis.

932 4867 1069 4950 infigunt
1090 4867 1269 4949 feriuntque
1293 4868 1406 4932 virum.
1453 4874 1529 4934 tunc
1550 4869 1639 4935 mille
1660 4875 1860 4954 peremptum

933 4970 1041 5035 hostes
1064 4971 1249 5035 vulneribus
1271 4969 1378 5036 media
1398 4978 1541 5037 stravere
1564 4993 1622 5057 per
1642 4993 1730 5037 arva.

1019 5081 1159 5139 verterat
1180 5074 1324 5158 expulsis
1346 5073 1433 5140 acies
1455 5094 1513 5159 per
1534 5074 1631 5140 devia
1653 5074 1773 5157 signis,

935 5178 1168 5262 impuleratque
1192 5177 1290 5243 duces
1312 5185 1412 5252 terror
1432 5183 1503 5262 post
1523 5184 1616 5260 terga
1638 5176 1754 5243 redire.

618 5355 664 5405 881
685 5355 865 5418 iniesmqueT
960 5354 1009 5404 siit
1027 5352 1217 5401 eorustieietoi'
1312 5352 1362 5401 888
1381 5353 1476 5400 curretis
1491 5351 1516 5413 Τ,
1532 5352 1625 5414 eampis
1639 5350 1730 5415 Meae„
1744 5353 1912 5403 contisBelrtr,
2013 5353 2062 5403 889
2081 5358 2124 5405 ubi
2140 5356 2166 5413 Τ,

548 5448 577 5491 ut
595 5444 653 5502 lepti
667 5440 746 5490 linas.
851 5439 901 5490 892
920 5438 1046 5489 octulitT
1129 5437 1367 5487 ·8931umulesl'
1467 5451 1517 5486 nou
1532 5438 1561 5495 Τ,
1581 5438 1612 5486 de
1628 5436 1705 5487 Mosa.
1812 5439 1910 5488 Persica
1930 5438 2020 5501 Mosa,
2039 5441 2171 5501 perduci*

547 5527 597 5578 896
615 5536 642 5577 et
662 5527 750 5587 Mosa,
770 5530 796 5575 in
819 5528 840 5574 Τ
952 5524 1002 5574 899
1019 5531 1099 5574 ertum
1116 5527 1212 5586 scripsi,
1232 5538 1316 5571 ererum
1337 5524 1366 5585 Τ,
1386 5538 1456 5573 arcus
1475 5523 1552 5573 Mau.
1668 5524 1718 5573 903
1737 5525 1930 5587 transadegitl'
2042 5527 2092 5576 905
2110 5542 2170 5576 oou·
2206 5512 2210 5518 ⁵

546 5620 616 5663 teuto
633 5616 697 5676 pede
721 5614 741 5661 Τ
855 5611 1049 5663 couniuntur
1071 5612 1101 5675 Τ,
1121 5611 1250 5659 Nusantsn
1269 5611 1327 5669 lauit
1346 5609 1425 5659 Meas.
1528 5615 1583 5671 post
1600 5624 1697 5660 oasam
1716 5612 1765 5659 906
1783 5626 1867 5660 vasus
1883 5626 1949 5660 uuas
1966 5612 2115 5661 imesddtsse
2132 5616 2170 5661 vt-

546 5697 632 5760 detur,
652 5702 694 5761 qul
711 5698 844 5762 uniebatur
860 5698 931 5748 corbo
948 5698 1148 5759 hiensitslauque
1268 5695 1317 5743 901
1336 5696 1425 5745 tislrsu
1448 5695 1469 5743 Τ
1583 5695 1633 5745 boc
1651 5697 1737 5745 sanziu
1757 5700 1784 5746 bs
1801 5699 1889 5758 snagin
1910 5703 1921 5745 1
1940 5714 1975 5749 m.
1994 5704 2119 5748 amictum
2141 5698 2168 5759 Τ,

546 5786 651 5844 Sarrgrlrr
671 5787 730 5845 lepti
750 5785 829 5835 Mim.
946 5786 1093 5847 compressit
1111 5783 1202 5844 liuza,
1223 5782 1350 5844 impressit
1370 5782 1398 5842 Τ,
1420 5785 1447 5831 ui
1464 5785 1556 5845 pressit
1576 5782 1687 5843 husim,
1707 5782 1742 5843 cs.
1763 5786 1813 5831 989
1928 5784 1975 5834 911
1996 5791 2130 5848 utrumque
2152 5786 2173 5832 Τ

546 5869 596 5917 919
615 5872 682 5918 mille
702 5871 788 5933 Bekis,
809 5872 852 5919 ille
875 5871 902 5930 Τ,
923 5877 1000 5919 morte
1019 5869 1096 5919 liuza.
1203 5874 1336 5931 pereuntum
1357 5870 1378 5917 Τ
