5030 6734
1289 527 1436 585 CORlPPI

938 714 1088 803 frangere
1109 740 1173 786 non
1194 720 1325 786 minimo
1348 721 1450 806 potuit
1473 718 1589 786 sudore
1611 718 1772 785 laborans.

938 822 1077 889 discolor
1099 824 1183 888 hunc
1204 830 1310 909 portat
1331 823 1469 889 maculis
1491 822 1633 888 variatus
1655 823 1689 887 in
1710 820 1794 889 albis

937 931 1027 1009 parte
1050 926 1143 1009 niger
1164 926 1310 1012 sonipes,
1337 926 1474 1010 gemmis
1496 946 1637 1009 auroque
1661 925 1835 1010 superbus,

936 1049 990 1095 ore
1013 1029 1169 1111 fremens,
1195 1049 1387 1114 camposque
1410 1029 1492 1096 levis
1514 1028 1664 1094 discurrit
1684 1028 1718 1093 in
1741 1047 1863 1093 omnes.

936 1132 1060 1198 ferreus
1081 1132 1151 1217 ipse
1175 1152 1251 1197 suas
1273 1152 1466 1218 componens
1489 1132 1601 1201 ordine
1623 1138 1746 1201 turmas

936 1234 1022 1319 itque
1045 1236 1191 1318 reditque
1213 1237 1345 1320 volans,
1371 1236 1474 1302 socios
1496 1244 1529 1303 et
1550 1234 1655 1302 firmat
1676 1241 1799 1301 euntes.

1020 1314 1206 1405 l‘r‘bnimuth
1229 1340 1343 1407 erectis
1365 1341 1457 1407 iuxta
1479 1347 1585 1406 movet
1606 1339 1736 1425 agmina
1757 1336 1860 1419 signis

934 1442 1088 1528 impiger,
1114 1449 1147 1507 et
1168 1442 1290 1528 campis
1313 1444 1440 1509 socians
1463 1442 1628 1526 coniungit
1649 1441 1781 1526 apertis.

933 1544 1004 1629 ipse
1025 1544 1102 1610 licet
1123 1544 1249 1610 medius
1272 1546 1377 1612 cristis
1400 1552 1432 1615 et
1454 1544 1580 1610 casside
1602 1544 1732 1628 fulgens

934 1648 1087 1730 emineat,
1115 1648 1253 1732 ferrique
1275 1669 1356 1714 novo
1379 1648 1550 1733 splendore
1573 1666 1744 1714 coruscans

934 1750 1027 1817 altior
1048 1750 1177 1817 adversi
1199 1751 1306 1817 radios
1329 1759 1362 1817 et
1383 1751 1505 1816 lumina
1526 1751 1648 1817 Phoebi

934 1854 1112 1940 suscipiens
1135 1855 1278 1937 frangat,
1305 1855 1425 1923 densae
1447 1861 1555 1920 tamen
1578 1854 1719 1938 undique
1742 1859 1888 1938 saeptum

933 1957 1096 2023 circueunt
1117 1958 1203 2022 acies
1227 1958 1340 2042 elipeis
1362 1957 1529 2042 galeisque
1551 1958 1717 2022 micantes.

1017 2059 1181 2145 proximus
1203 2059 1279 2126 inde
1302 2060 1390 2125 ciens
1411 2080 1559 2126 numeros
1582 2059 1775 2129 Marceutius
1799 2064 1930 2141 urguet,

931 2163 1083 2247 iussaque
1106 2183 1163 2247 per
1185 2164 1269 2229 latos
1291 2163 1473 2229 discurrm
1494 2162 1626 2246 agmina
1648 2181 1788 2251 campos.

931 2266 1019 2331 illius
1042 2274 1074 2332 et
1095 2267 1201 2332 fulvos
1223 2267 1325 2332 cassis
1346 2267 1461 2352 premit
1482 2286 1582 2332 aurea
1603 2266 1708 2331 crines

931 2389 1006 2435 aere
1028 2369 1137 2452 rigens
1159 2369 1325 2453 cristisque
1347 2370 1473 2451 gravis,
1500 2370 1676 2450 thoraxque
1698 2367 1881 2435 tremendos

931 2472 1132 2556 suspendens
1155 2474 1303 2537 humeros
1327 2472 1469 2556 squamis
1491 2471 1690 2555 fulgentibus
1712 2470 1829 2552 ambit,

931 2575 1007 2641 dum
1030 2576 1159 2660 sonipes
1182 2576 1337 2660 gradibus
1360 2575 1520 2661 componit
1541 2594 1634 2640 crura
1657 2573 1816 2659 superbis.

931 2679 1047 2745 lumbis
1068 2680 1135 2746 tela
1156 2680 1239 2761 gerit
1261 2680 1506 2764 pharetramque
1529 2698 1700 2762 arcumque
1723 2684 1888 2745 sonantem

931 2783 1069 2866 cinctus,
1095 2791 1128 2851 et
1149 2790 1275 2848 aeratas
1298 2782 1440 2849 referens
1462 2782 1496 2847 in
1518 2782 1606 2848 bella
1627 2781 1763 2865 sagittas
1794 2848 1795 2852 ,

930 2886 1086 2970 signaque
1108 2886 1255 2953 terrificis
1278 2886 1379 2953 munit
1400 2885 1523 2952 vallata
1544 2886 1706 2953 tribunis

930 2988 1003 3054 hinc
1026 2989 1195 3055 Liberatus
1218 2995 1287 3055 erat
1308 2990 1406 3073 longa
1428 2989 1640 3072 praestantior
1661 2988 1771 3069 hasta,

929 3091 1004 3156 hinc
1026 3092 1135 3159 Vlitan
1156 3093 1306 3177 pulcher,
1332 3092 1431 3158 variis
1453 3092 1600 3177 depictus
1621 3092 1655 3157 in
1676 3091 1793 3173 armis,

929 3195 981 3260 hic
1003 3196 1115 3261 melior
1137 3196 1220 3280 pilo,
1246 3216 1344 3261 curro
1364 3216 1425 3262 uec
1447 3196 1576 3281 segnior
1597 3215 1683 3263 arou.

1014 3298 1141 3365 flectere
1164 3298 1368 3384 cornipedem
1390 3299 1527 3384 placidis
1548 3300 1630 3367 bene
1654 3298 1767 3364 doctus
1790 3296 1925 3363 habenis

928 3401 996 3469 ibat
1017 3400 1183 3484 Ifisdaias‚
1209 3402 1314 3486 gentis
1337 3401 1519 3488 praefectus
1541 3408 1573 3467 et
1594 3408 1721 3481 auctor,

927 3525 1021 3590 quem
1044 3505 1114 3571 fera
1134 3525 1215 3589 gens
1238 3506 1398 3590 sequitur,
1424 3513 1499 3571 nato
1521 3506 1691 3573 comitante
1715 3505 1866 3589 Bitipten.

928 3628 1008 3691 gens
1030 3628 1200 3677 numerosa
1221 3609 1314 3691 viris,
1341 3616 1375 3675 et
1395 3610 1501 3693 gentis
1524 3608 1634 3675 vivida
1654 3609 1773 3687 virtus,

927 3712 1119 3794 ingenioque
1141 3713 1253 3778 valens
1276 3712 1381 3779 fuerat
1403 3711 1469 3779 dux
1489 3712 1560 3796 ipse
1582 3711 1705 3793 tidelis,

926 3814 1059 3881 militiae
1082 3814 1280 3898 ducibusque
1302 3816 1435 3898 placens
1456 3834 1637 3899 magnoque
1658 3814 1822 3896 magistro.

929 3926 1023 3983 natus
1046 3925 1078 3983 et
1100 3917 1239 3984 eximius
1260 3919 1395 4004 sumptis
1415 3918 1650 4008 praesumptior
1671 3917 1787 3997 armis,

927 4042 986 4088 nec
1009 4021 1154 4104 genitore
1176 4021 1294 4102 minor,
1320 4021 1436 4087 iaculis
1459 4021 1513 4104 qui
1535 4022 1663 4103 vincere
1685 4027 1794 4107 posset

925 4126 1095 4191 Persamm
1117 4131 1244 4191 teneras
1266 4144 1363 4190 nervo
1385 4125 1527 4210 pellente
1549 4125 1697 4208 sagittas.

1012 4227 1199 4294 commissas
1220 4226 1308 4295 acies
1331 4226 1397 4295 dux
1419 4227 1550 4293 Tarasis
1571 4235 1646 4292 ante
1668 4227 1851 4313 pedestres,

925 4330 1026 4396 ardua
1048 4330 1142 4414 signa
1163 4349 1312 4411 movens,
1338 4330 1437 4395 variis
1459 4330 1618 4415 componit
1639 4329 1672 4398 in
1695 4330 1803 4399 armis.

924 4435 995 4519 ipse
1018 4454 1076 4519 per
1097 4432 1244 4517 obliquas
1265 4432 1435 4517 distinguit
1456 4433 1580 4518 proelia
1601 4442 1722 4501 turmas

924 4546 1035 4604 vectus
1056 4558 1156 4622 equo,
1182 4536 1366 4621 clipeosque
1390 4537 1456 4602 suis
1480 4538 1672 4621 coniungere
1695 4537 1805 4603 dictat.

923 4642 1064 4711 tenditur
1085 4640 1119 4709 in
1141 4641 1287 4723 longum,
1314 4640 1406 4707 nexis
1428 4640 1620 4707 umbonibus
1642 4641 1790 4717 horrens,

923 4743 1039 4810 Martia
1060 4764 1118 4828 per
1139 4743 1222 4809 latos
1243 4743 1331 4809 acies
1354 4743 1550 4809 densissima
1571 4763 1710 4828 campos.

922 4867 1083 4913 murorum
1104 4846 1137 4910 in
1160 4865 1279 4913 morem
1302 4847 1446 4913 celantur
1468 4866 1601 4932 corpora
1622 4846 1733 4913 densis

923 4950 1127 5033 tegminibus.
1175 4949 1264 5015 solae
1287 4958 1443 5035 apparent
1463 4957 1536 5035 post
1559 4957 1650 5015 scuta
1670 4950 1826 5034 bipennes

923 5063 956 5120 et
977 5072 1121 5121 summae
1143 5052 1259 5137 galeae
1282 5052 1386 5118 cristis
1409 5055 1560 5138 conisque
1587 5054 1752 5118 micantes.

922 5164 956 5224 at
978 5177 1075 5241 super
1097 5157 1211 5223 erectis
1234 5156 1388 5222 horrescit
1410 5156 1533 5223 ferreus
1556 5156 1658 5222 hastis

923 5279 1073 5345 campus,
1099 5259 1345 5345 resplendetque
1367 5260 1458 5325 novis
1480 5259 1653 5326 terroribus
1675 5266 1741 5326 aar.

602 5506 652 5557 524
670 5509 741 5570 itque
752 5507 865 5570 reditque
880 5505 969 5564 Musa,
989 5504 1065 5566 idque
1077 5503 1179 5553 redltT
1280 5502 1329 5553 525
1348 5503 1489 5552 nomrnreh
1509 5505 1547 5565 (ia
1556 5506 1669 5563 mercius
1685 5503 1826 5565 trunduirh}
1846 5505 1932 5554 erettir
1951 5508 2016 5555 lustr
2034 5509 2158 5557 murretl'

532 5593 582 5643 530
600 5594 693 5643 densae
705 5594 817 5653 boehm„
837 5594 869 5642 de
887 5607 914 5641 re
931 5593 951 5639 Τ
1053 5590 1099 5638 531
1121 5590 1284 5638 circueunt'l'
1388 5588 1437 5637 535
1456 5604 1513 5638 rere
1531 5591 1615 5650 rigens
1626 5589 1713 5651 aaa„
1734 5592 1833 5650 erigens
1848 5590 1877 5651 T,
1898 5604 1954 5640 aere
1971 5594 2061 5653 lngeua
2075 5592 2154 5643 Moza.

533 5678 583 5749 536
601 5680 808 5742 subspendenrl'
906 5677 957 5727 538
974 5675 1175 5738 pharetraquel'
1271 5675 1321 5725 539
1339 5681 1435 5725 sersus
1448 5674 1590 5737 Monstrum,
1605 5677 1738 5726 aumbsT
1835 5677 1885 5727 542
1904 5679 1985 5727 ullluu
2000 5679 2035 5741 (ln
2045 5684 2156 5740 murptne

532 5765 684 5827 utilitaull'
774 5766 823 5815 545
843 5765 957 5813 ltlsclatas
972 5765 1008 5822 (iu
1018 5763 1296 5825 morplucidsoalaslT
1381 5762 1430 5811 543
1447 5763 1556 5827 bitlpteu
1572 5764 1607 5825 (in
1619 5767 1730 5825 margine
1742 5764 1926 5826 bltlmptean
2014 5764 2063 5813 552
2082 5772 2154 5814 tene-

530 5864 569 5897 ras
590 5851 616 5911 T,
636 5851 727 5898 celeres
747 5851 826 5901 Musa.
933 5849 984 5899 553
1002 5851 1092 5898 tarasio
1113 5850 1149 5911 liu
1165 5852 1278 5910 maraine
1296 5848 1443 5909 tanxirll'
1545 5848 1595 5898 562
1612 5849 1754 5896 orremltT
1858 5849 1908 5898 533
1927 5851 2071 5912 resplendet
2088 5852 2155 5900 etT
