5034 6730
1008 1822 1329 1920 PRAEFATIO.

1152 2053 1232 2118 deus
1254 2055 1361 2120 omnia
1382 2075 1483 2137 regna
1706 2142 1710 2149 .

741 2155 800 2220 sub
823 2155 960 2239 pedibus
982 2156 1072 2222 dedit
1093 2177 1165 2222 esse
1187 2158 1267 2240 tuis,
1293 2179 1449 2242 regesque
1472 2158 1626 2243 superbos

741 2258 900 2341 subdidit,
927 2260 1121 2343 hostilesque
1145 2281 1258 2326 manus
1281 2261 1465 2327 decressere
1487 2261 1573 2327 fecit.

741 2362 798 2425 illa
819 2362 1044 2427 colubrimodis
1066 2365 1205 2428 Avarum
1229 2385 1310 2447 gens
1332 2365 1413 2430 duro
1435 2365 1580 2450 capillis,

633 2490 645 2525 c,
741 2465 900 2531 horribilis
922 2466 994 2531 risu
1016 2466 1186 2549 crudisque
1208 2469 1385 2552 asperrima
1406 2469 1518 2547 bellis,

739 2568 872 2653 imperio
895 2568 1039 2635 subiecto
1060 2576 1132 2651 tuo,
1159 2572 1278 2636 servire
1300 2582 1431 2656 parata,

740 2672 773 2736 in
795 2671 903 2737 media
924 2674 1060 2757 supplex
1083 2673 1207 2739 defusis
1230 2675 1370 2741 crinibus
1392 2677 1468 2741 aula

740 2782 850 2840 exorat
873 2797 1002 2860 pacem,
1028 2798 1087 2842 nec
1110 2778 1209 2843 fidere
1231 2778 1362 2844 milibus
1385 2779 1482 2845 arrdet

740 2884 786 2945 tot
808 2899 977 2944 numerosa
999 2881 1077 2961 suis,
1104 2882 1247 2946 Romano
1269 2882 1428 2947 lacessere
1451 2883 1555 2965 signa.

740 2982 812 3064 quis
834 2982 950 3048 totiens
973 2984 1073 3048 victos
1096 2992 1240 3050 numeret
1261 3006 1319 3069 per
1341 2986 1462 3070 proelio
1483 2988 1623 3051 Francos

740 3084 957 3169 edomitosque
981 3086 1102 3152 Getas?
1124 3094 1233 3172 captos
1257 3095 1434 3170 stratosque
1456 3096 1631 3172 tyrannos?

740 3188 1021 3270 Langobardorum
1044 3191 1178 3275 populos
1201 3190 1417 3275 Gipidnmque
1440 3192 1579 3270 seroces,

741 3301 851 3357 mutua
873 3313 929 3377 per·
950 3294 1032 3358 latos
1053 3294 1136 3358 inter
1158 3313 1192 3359 sc
1215 3295 1349 3359 vulnera
1371 3315 1501 3380 campos

740 3394 913 3460 miscentes
937 3396 1061 3461 feritate
1084 3417 1159 3479 sua,
1185 3418 1257 3461 cum
1281 3398 1381 3463 milite
1403 3405 1471 3463 tuto

632 3524 644 3561 o
739 3498 881 3564 alternas
903 3507 1016 3581 gentes
1040 3499 1159 3565 domini
1181 3500 1307 3566 fortuna
1330 3508 1481 3567 necaret?
1513 3522 1517 3533 ·

740 3623 815 3686 pars
836 3603 1035 3668 inimicorum
1057 3603 1173 3669 cecidit
1193 3611 1260 3669 tum
1283 3624 1400 3687 magna
1421 3613 1547 3671 tuorum

714 3698 875 3789 ‘perfidia
895 3706 1008 3791 punita
1030 3724 1100 3771 sua.
1146 3727 1231 3771 nuuc
1253 3707 1353 3773 Marte
1377 3715 1506 3792 peracto

739 3808 876 3873 victores
899 3809 1037 3892 victique
1060 3809 1154 3874 simul
1178 3810 1373 3877 famulantur
1395 3811 1427 3875 in
1450 3812 1536 3876 aula.

740 3913 842 3976 solum
866 3914 1075 3978 excellentem
1099 3912 1312 3979 conscendere
1335 3914 1430 3981 iussit
1450 3915 1484 3979 in
1506 3935 1612 3979 arcem

740 4021 771 4079 te
794 4022 885 4099 pater
907 4017 1123 4101 omnipotens,
1149 4036 1337 4100 summaque
1358 4017 1391 4082 in
1415 4017 1492 4083 sede
1516 4019 1645 4083 locavit.

740 4125 841 4183 mater
863 4119 987 4184 consilii
1010 4119 1147 4211 placidis
1169 4121 1345 4203 vigilantia
1367 4121 1485 4186 vestris
1524 4174 1527 4179 .

740 4240 866 4306 semper
887 4223 971 4288 inest
992 4224 1108 4306 oculis,
1135 4244 1293 4306 quamque
1317 4224 1402 4288 omni
1425 4232 1551 4308 pectore
1573 4232 1701 4307 gestas,

739 4325 826 4390 alma
847 4326 1010 4409 Augusta,
1036 4327 1082 4392 tui
1105 4346 1232 4391 consors
1256 4326 1423 4412 sapientia
1445 4328 1548 4410 regni,

739 4435 774 4493 tn
796 4449 939 4512 quoquc,
966 4429 1110 4495 Iustitiae
1133 4450 1248 4494 nomon
1272 4431 1311 4495 de
1335 4430 1460 4494 nomine
1484 4451 1630 4505 sumens,

631 4556 644 4595 5
740 4531 831 4596 freno
851 4531 1062 4615 regendorum
1084 4533 1202 4597 retines
1225 4532 1406 4597 firmissima
1428 4553 1550 4617 regum.

738 4635 920 4700 nominibus
943 4635 1044 4700 tribus
1066 4635 1117 4700 his
1139 4635 1260 4718 regitur
1281 4635 1503 4718 quodcumque
1525 4645 1680 4703 movetur.

739 4739 882 4804 certatim
904 4746 1018 4821 gentes
1041 4739 1185 4803 Romana
1206 4739 1248 4805 ad
1270 4739 1402 4805 foedera
1424 4747 1567 4805 currunt:

738 4843 881 4929 principe
904 4863 960 4928 pro
982 4843 1065 4908 insto
1087 4843 1264 4907 Romanum
1286 4864 1401 4908 nomen
1423 4850 1566 4925 amatur,

738 4947 863 5029 subque
885 4945 937 5031 pio
960 4945 1087 5011 domino
1110 4946 1213 5011 cuncti
1235 4947 1317 5012 bene
1339 4946 1447 5012 vivere
1470 4955 1635 5029 quaerunt.

613 5071 642 5111 oo
738 5050 795 5115 ille
817 5049 930 5131 etiam,
956 5049 1033 5114 solis
1056 5049 1110 5131 qni
1133 5069 1168 5114 se
1191 5049 1350 5115 subiectat
1372 5051 1526 5135 amicum,
1566 5046 1569 5050 ’

356 5228 494 5235 -—.-———
505 5228 764 5235 -.-.-.——.-—.-.-

424 5330 438 5380 2
458 5331 505 5378 sub
522 5331 628 5392 pedibus
646 5331 717 5379 dedit
734 5344 788 5377 esse
807 5330 859 5377 tuis
877 5328 950 5389 Reiz,
970 5330 1017 5377 sub
1036 5329 1139 5376 sedibus
1157 5328 1229 5376 dedit
1241 5342 1297 5376 esse
1309 5330 1361 5377 tuis
1375 5327 1410 5390 M,
1431 5331 1477 5377 sub
1490 5331 1562 5378 sedes
1574 5330 1645 5378 dedit
1657 5333 1706 5380 lese
1719 5339 1775 5382 tuen
1787 5333 1864 5383 nanu
1879 5337 1974 5385 ,txl'c

352 5437 379 5482 p.
396 5422 460 5469 1993
565 5434 685 5482 supernos
699 5419 733 5482 M,
753 5424 788 5468 ele
799 5419 852 5480 sere
863 5434 962 5480 semper,
983 5419 1025 5466 ced
1037 5433 1099 5467 coer.
1113 5419 1254 5480 pleeuenqree
1268 5420 1328 5468 91η.
1434 5419 1450 5468 4
1469 5420 1530 5467 dure
1544 5419 1579 5479 M,
1599 5420 1653 5469 dire
1665 5418 1743 5467 Bortb
1756 5420 1853 5467 mo
1867 5438 1892 5484 ρ.
1908 5425 1975 5471 1993

355 5506 497 5556 ὅοηΙΜΜε
517 5503 544 5551 Μ
645 5507 705 5554 belll
725 5505 752 5552 M
855 5504 925 5553 9tot
943 5503 1015 5563 Rois,
1036 5510 1061 5552 to
1079 5519 1093 5552 o
1113 5504 1141 5550 M
1243 5506 1365 5553 lacescere
1384 5503 1412 5550 M
1516 5502 1547 5552 10
1566 5506 1623 5567 quis
1642 5505 1717 5552 Bortb
1738 5506 1799 5552 XVI
1815 5507 1848 5554 33
1864 5522 1891 5567 p.
1912 5511 1972 5569 856,

355 5596 398 5656 qul
418 5592 454 5653 M,
474 5606 539 5653 quac
558 5590 621 5638 nure
735 5591 762 5640 ll
784 5591 957 5652 edomltusque
975 5589 1003 5637 Μ
1106 5589 1136 5638 13
1155 5596 1224 5638 mute
1244 5590 1271 5636 Μ
1375 5590 1404 5639 ll
1423 5605 1502 5653 quum
1524 5590 1557 5652 Μ,
1578 5597 1605 5639 ut
1624 5594 1684 5638 rotet
1788 5589 1820 5641 lb
1837 5607 1894 5655 pres
1914 5594 1943 5640 M

353 5677 827 5739 eumnarur,rvap.1enr,quum
847 5676 874 5723 Μ
981 5676 1008 5725 ll
1027 5678 1112 5738 ponite
1132 5676 1159 5722 Μ
1266 5676 1295 5725 18
1314 5677 1388 5724 simul
1405 5676 1463 5726 odd.
1485 5677 1607 5725 Baehrens
1626 5677 1972 5741 Mue.lilren.1l')ll'1199⁴,

352 5781 422 5815 sacre
438 5763 497 5814 odd.
513 5764 634 5824 Destinet,
656 5777 705 5811 unu
721 5764 780 5812 odd.
797 5764 1003 5812 Curculiunculos
1021 5768 1044 5809 et
1062 5762 1192 5811 Pretecldm
1209 5767 1266 5810 teste
1279 5762 1379 5810 Borlblo
1394 5763 1489 5809 silvo
1506 5779 1531 5824 p.
1551 5765 1624 5823 1291,
1649 5770 1692 5812 tue
1710 5763 1768 5812 odd.
1783 5764 1900 5814 debitum
1914 5766 1972 5815 Rite.

353 5854 386 5902 'le
403 5852 448 5901 eccl
466 5852 517 5900 loce
535 5852 574 5898 uit
593 5848 621 5895 Μ
732 5848 764 5897 93
782 5850 993 5910 consorsepleotis
1013 5848 1039 5895 Μ
1151 5848 1311 5897 nocerinus
1332 5847 1357 5894 Μ
1473 5849 1506 5897 96
1525 5850 1671 5897 numinibus
1690 5848 1751 5898 Ritt.
1858 5851 1890 5899 28
1909 5853 1975 5900 lusto

354 5942 490 5989 Romanum
509 5935 581 5996 Reiz,
602 5936 724 5983 lautorum
743 5948 843 5981 maurum
864 5934 890 5981 M

1696 6037 1768 6087 ¹50
