5030 6734
921 501 1151 559 IOHANNIDOS
1170 503 1240 559 LIB.
1262 504 1310 559 vl.
1333 504 1389 568 (V).

817 692 997 758 Maurorum
1020 692 1144 759 interea
1164 692 1266 758 noctis
1289 692 1424 758 defensa
1445 692 1585 761 tenebris

731 795 862 880 agmina
883 796 1053 863 currebant
1074 795 1196 862 cunctis
1219 815 1277 880 per
1298 794 1396 862 devia
1417 796 1526 875 terris,

731 917 845 984 sparsa
867 906 964 965 metu.
1010 919 1072 964 nox
1095 899 1168 985 ipsa
1189 898 1296 979 iuvat,
1322 919 1385 964 nox
1407 898 1481 984 ipsa
1502 899 1629 982 fatigat.

731 1001 848 1087 eripuit
870 1001 986 1067 mediis
1009 1008 1139 1068 cunctos
1162 1000 1202 1067 de
1225 1000 1373 1067 faucibus
1396 1001 1470 1066 Orci

731 1105 896 1171 occultans
918 1105 1054 1171 obseura
1075 1105 1172 1169 viros.
1220 1104 1278 1170 sed
1300 1125 1411 1171 rursus
1432 1104 1565 1170 easdem

731 1208 883 1275 sollicitat
904 1208 1019 1274 dubias
1041 1207 1161 1274 incerto
1183 1208 1286 1275 Marte
1309 1214 1467 1274 catervas.

730 1311 889 1395 effugiunt
909 1310 1036 1398 pavidi,
1062 1313 1151 1378 nullo
1173 1319 1246 1397 post
1268 1318 1359 1396 terga
1381 1319 1550 1395 sequente,

731 1416 807 1480 dum
829 1415 1006 1501 trepidant,
1032 1414 1247 1502 strepitusque
1271 1436 1346 1482 suos
1369 1415 1555 1501 sonitusque
1577 1435 1704 1482 suorum

731 1540 804 1586 esse
826 1526 939 1605 putant
960 1520 1085 1601 hostes,
1111 1519 1293 1604 turbatique
1316 1519 1418 1585 ardua
1439 1524 1594 1603 quassant

729 1622 786 1689 ilia
808 1622 1026 1707 cornipedum.
1072 1623 1192 1689 crebris
1215 1631 1366 1689 montana
1386 1622 1526 1707 flagellis

730 1734 822 1793 nocte
845 1727 960 1793 silente
982 1735 1126 1813 crepant.
1173 1725 1294 1792 socium
1315 1727 1489 1792 terroribus
1510 1747 1626 1811 agmen

731 1830 876 1914 exagitat
897 1830 1034 1896 solidum
1058 1830 1206 1913 quatiens
1228 1830 1310 1896 levis
1333 1832 1455 1915 ungula
1477 1850 1634 1916 campum.

816 1935 919 2000 altera
940 1935 1107 2000 Phoebeos
1129 1935 1265 2018 cogebat
1287 1955 1414 2001 currere
1436 1953 1548 2000 cursus

731 2038 859 2104 Oceano
882 2044 1024 2104 reserata
1045 2037 1126 2104 dies.
1175 2039 1321 2103 turbatur
1341 2038 1468 2104 anhelis

731 2162 850 2226 aequor
872 2149 904 2208 et
925 2141 1017 2207 ardet
1038 2141 1146 2225 equis,
1173 2141 1359 2208 fervescunt
1380 2148 1495 2225 stagna
1517 2141 1685 2227 profundi,

731 2253 859 2311 aestuat
880 2245 967 2310 unda
987 2251 1128 2325 tumens,
1155 2252 1188 2310 et
1209 2264 1316 2309 sacros
1337 2245 1472 2330 parturit
1492 2245 1597 2329 ignes.

623 2375 635 2411 .·.
732 2367 926 2432 consurgens
949 2347 1044 2413 solita
1066 2347 1202 2433 primum
1225 2348 1343 2432 pietate
1366 2348 1521 2432 magister

675 2463 677 2468 ’
731 2453 835 2519 laetus
858 2451 926 2535 agit
947 2459 1074 2536 grates,
1101 2451 1261 2517 dominum
1286 2452 1410 2518 vinutis
1433 2453 1570 2518 adorans

731 2565 764 2623 et
785 2556 915 2621 meritas
936 2555 1076 2622 reddens
1097 2554 1155 2621 tali
1177 2576 1235 2641 pro
1256 2575 1387 2621 munere
1410 2555 1533 2622 laudes.

731 2664 806 2724 tunc
829 2658 905 2724 laeti
928 2678 1044 2725 venere
1067 2657 1166 2723 duces
1189 2657 1352 2741 fortesque
1375 2657 1494 2723 tribuni

731 2768 765 2826 et
786 2761 879 2847 primi
902 2781 1079 2846 procerum.
1127 2761 1251 2827 medius
1273 2780 1354 2844 quos
1379 2761 1448 2846 ipse
1471 2760 1625 2845 magister

605 2918 609 2927 .
732 2865 779 2930 sio
801 2864 887 2949 prior
907 2865 1097 2947 alloquitur:
1127 2868 1229 2947 ‘quae
1252 2884 1333 2947 gens
1356 2864 1528 2930 dumosima
1550 2871 1671 2931 vestros

732 2968 849 3034 corruit
870 2974 944 3034 ante
967 2968 1087 3054 pedes,
1114 2967 1207 3034 socii!
1258 2968 1303 3033 sio
1327 2967 1436 3034 mortis
1458 2968 1611 3039 amicam.

732 3071 778 3137 sic
799 3071 930 3155 iugulos
951 3071 1069 3137 inferre
1092 3071 1181 3151 neci,
1207 3071 1254 3136 sio
1276 3092 1402 3138 currere
1423 3070 1457 3136 in
1480 3071 1588 3137 hostes

732 3197 794 3242 non
816 3175 894 3242 alibi
917 3177 1070 3262 populos,
1097 3195 1196 3242 saeua
1217 3196 1279 3242 uon
1303 3175 1436 3242 Perside
1459 3175 1537 3242 vidi.

732 3302 805 3347 nam
828 3280 975 3363 quotiens
997 3279 1098 3346 uictos
1120 3280 1229 3346 hostes
1253 3279 1331 3346 dure
1353 3288 1445 3364 terga
1467 3280 1598 3364 subegi,

732 3383 890 3469 intrepido
913 3382 1029 3449 totiens
1052 3384 1142 3451 vultu
1166 3382 1289 3451 rediere
1312 3382 1429 3449 minaci

732 3506 804 3552 cum
827 3486 953 3552 fremitu
978 3486 1125 3569 saltuque
1148 3486 1226 3553 fero.
1272 3494 1382 3552 tamen
1403 3486 1514 3554 ordine
1537 3506 1659 3553 suuuuo

733 3598 765 3656 et
787 3589 886 3656 nostri
908 3590 1024 3656 vimute
1048 3590 1101 3657 dei
1123 3590 1287 3656 confracta
1308 3589 1450 3657 recessit.

732 3714 816 3761 nunc
838 3694 976 3778 Libycos
998 3694 1078 3760 fines
1101 3694 1195 3759 solito
1217 3693 1349 3775 custode
1371 3694 1454 3761 tueri

731 3798 933 3864 accelerare
955 3799 1062 3883 placet
1084 3797 1192 3864 felicia
1213 3818 1314 3882 regna
1336 3797 1467 3865 referre.

729 3901 821 3967 ocius
842 3901 878 3966 in
898 3901 1046 3987 proprias
1068 3921 1281 3986 numerosque
1303 3901 1448 3968 reducite
1470 3902 1565 3968 sedes

732 4011 765 4070 et
786 4004 906 4070 munite
928 4005 1025 4070 locos.
1074 4006 1179 4072 celsos
1199 4005 1352 4090 indagine
1375 4013 1516 4087 montes,

731 4115 840 4189 antra,
866 4128 996 4191 neruus,
1022 4108 1154 4192 fluvios,
1181 4109 1333 4175 silvarum
1357 4110 1450 4192 laxa,
1477 4109 1618 4176 latebras

732 4212 867 4296 cingite,
894 4219 927 4278 et
947 4213 1098 4278 obsessas
1121 4212 1206 4278 cauti
1230 4211 1409 4279 concludite
1431 4213 1554 4278 fauces.

730 4322 873 4400 tempore
896 4316 956 4382 sub
978 4315 1104 4381 modico
1126 4314 1230 4401 periet
1252 4335 1333 4399 geus
1355 4315 1455 4401 impia
1477 4316 1591 4382 Maura

624 4445 636 4483 .·‚
732 4418 921 4502 deficietque
943 4419 1038 4485 lame.
1085 4426 1141 4484 aut
1162 4418 1280 4485 nostris
1302 4438 1337 4485 se
1360 4418 1504 4504 protinus
1526 4419 1625 4486 arruis

732 4522 867 4589 subiciet
888 4542 1062 4608 pacemque
1085 4528 1189 4608 petet,
1216 4521 1244 4586 si
1266 4521 1368 4588 milite
1390 4523 1483 4607 pulso

732 4646 794 4692 non
816 4626 924 4691 valeat
945 4626 1100 4712 populare
1123 4644 1236 4707 casas,
1262 4631 1319 4691 aut
1341 4625 1454 4692 ultima
1475 4626 1586 4691 mundi

732 4735 863 4816 appetet
884 4750 962 4795 arva
985 4730 1102 4814 fugax,
1129 4735 1162 4795 et
1183 4735 1308 4795 nostras
1331 4729 1459 4796 deseret
1479 4749 1563 4796 oras.

733 4832 863 4918 Byzacii
886 4833 1024 4917 geminis
1046 4833 1181 4900 ducibus
1204 4833 1245 4899 sit
1267 4833 1409 4898 maxima
1430 4853 1506 4899 curu

732 4938 894 5023 Massylas
915 4937 1004 5004 acies
1026 4936 1096 5002 acie
1118 4938 1247 5002 turbare
1270 4935 1419 5021 sequaci,

732 5038 880 5108 sollicitis
903 5041 1010 5107 tristes
1033 5039 1152 5125 gladiis
1174 5060 1309 5124 urguere
1331 5040 1530 5126 phalanges,

733 5152 766 5211 et
786 5145 894 5231 procul
919 5166 940 5210 a
961 5144 1077 5210 nostris
1100 5143 1262 5229 expellere
1284 5143 1402 5208 linibus
1425 5144 1560 5210 hostes'.

347 5365 758 5381 Μ

416 5499 576 5547 llmrrrorum
597 5495 618 5543 Τ
725 5494 750 5544 ll
773 5502 853 5544 uurrat
873 5493 893 5541 Τ
999 5491 1027 5541 18
1047 5492 1156 5553 fragullis
1173 5491 1193 5538 Τ
1296 5490 1329 5539 20
1347 5489 1513 5551 eugltsutT
1614 5488 1644 5541 21
1666 5505 1755 5540 rursus
1771 5490 1797 5552 Τ,
1816 5506 1904 5543 surmus
1921 5493 1967 5543 du·

346 5583 427 5634 liturus
446 5585 520 5634 lieltlc.
626 5582 659 5632 30
677 5596 741 5646 quas
760 5581 850 5641 Muza,
876 5596 950 5643 quem
974 5580 994 5626 Τ
1096 5576 1129 5627 33
1147 5579 1207 5627 alibi
1225 5580 1321 5640 scripsi,
1341 5577 1403 5626 dbis
1424 5577 1450 5637 Τ,
1472 5578 1543 5626 Albis
1563 5575 1639 5627 lllrrzs.
1745 5579 1840 5640 perfide
1862 5579 1890 5640 Τ,
1911 5595 1966 5629 sse-

346 5684 464 5720 usmnon
477 5668 707 5720 Parsldsdalrltuas
719 5669 793 5719 letlr.
900 5667 932 5717 35
951 5666 1072 5728 lutrspldl
1085 5665 1199 5714 dolitum
1211 5664 1287 5713 letlt.
1392 5663 1547 5724 quotiensT
1648 5661 1681 5712 39
1699 5677 1727 5711 sc
1744 5666 1852 5713 celerare
1870 5669 1963 5728 scripsi,

345 5754 521 5806 accelerares
657 5754 690 5806 -ll
715 5755 798 5804 lisura
818 5752 912 5815 liuza,
941 5765 1043 5802 mauron
1064 5751 1096 5811 Τ,
1124 5751 1234 5812 fonitrua
1252 5750 1337 5799 llum
1474 5748 1507 5797 so
1531 5750 1656 5798 subicient
1683 5749 1704 5795 Τ
1838 5758 1925 5813 petent
1946 5752 1967 5800 Τ

345 5841 373 5893 st
396 5845 515 5893 sollicitus
536 5839 556 5888 Τ
660 5840 692 5890 52
710 5849 737 5890 st
755 5842 839 5904 procul
858 5856 872 5888 a
890 5841 982 5889 uostris
1002 5836 1091 5897 llum,
1111 5843 1137 5886 st
1155 5838 1247 5886 nostris
1265 5837 1347 5899 procul
1371 5835 1392 5882 Τ

424 5945 542 5985 Gomorra.
1743 5938 1759 5986 9
