5030 6734
1270 530 1418 587 GORIPPI

921 720 1114 785 Taenarium
1137 720 1248 786 dixere
1271 722 1396 805 Iovem,
1422 722 1473 787 cui
1496 722 1653 805 sanguine
1674 723 1774 789 multo

920 822 1051 887 humani
1074 823 1203 906 generis
1224 830 1381 890 mactatur
1401 824 1531 890 victima
1552 824 1645 910 pesti.

920 946 976 1011 pro
1000 928 1105 991 scelus
1126 926 1320 993 infaustum!
1346 928 1484 1012 gemitus
1506 928 1717 1013 miserabilia,
1743 948 1839 994 auras

920 1029 1061 1112 undique
1084 1031 1284 1113 concutiens,
1311 1031 1501 1098 clamoribus
1524 1033 1657 1098 aethera
1678 1032 1795 1117 pulsat.

919 1132 1072 1218 imprimit
1092 1133 1144 1198 hic
1165 1133 1284 1199 ferrum
1305 1134 1444 1219 iugulis,
1470 1142 1503 1200 et
1523 1136 1654 1202 vocibus
1675 1135 1781 1221 ipsum

921 1255 1039 1301 numen
1061 1235 1144 1318 agit,
1171 1235 1348 1320 dubiasque
1371 1256 1489 1303 vocans
1511 1238 1598 1304 exire
1620 1258 1678 1322 per
1699 1239 1828 1304 umbras

921 1337 998 1401 solis
1019 1337 1082 1403 iter
1101 1345 1259 1423 temptare
1280 1340 1378 1406 iubet.
1426 1346 1501 1405 tunc
1522 1361 1610 1406 more
1631 1341 1763 1426 profano

921 1440 1076 1525 diripiunt
1096 1443 1255 1526 pecudum
1276 1442 1373 1509 fibras
1396 1450 1428 1509 et
1448 1444 1516 1510 fata
1537 1445 1711 1527 requirnnt.

921 1552 1082 1627 presserat
1102 1544 1165 1609 ista
1187 1545 1285 1629 deus,
1311 1547 1505 1630 surdumque
1526 1548 1569 1612 ad
1591 1548 1733 1614 carmina
1754 1568 1872 1613 numen

920 1667 1012 1712 omne
1034 1646 1112 1713 fuit:
1139 1649 1221 1713 nulli
1243 1649 1351 1715 retulit
1371 1669 1526 1735 responsa
1547 1651 1707 1717 sacerdos.

1004 1752 1152 1817 Phoebus
1173 1753 1215 1816 ab
1237 1753 1355 1818 interni
1376 1753 1585 1839 resplendens
1607 1754 1751 1837 margine
1773 1755 1856 1820 caeli

920 1853 1040 1919 Oceani
1063 1856 1230 1939 rumpebat
1250 1875 1368 1939 aquas,
1395 1856 1569 1940 meliorque
1591 1876 1762 1941 resurgens

921 1956 1039 2022 lumine
1061 1957 1222 2041 fulgentes
1246 1959 1353 2024 radios
1375 1960 1528 2026 tendebat
1548 1961 1582 2025 in
1604 1961 1712 2026 orbem

920 2059 1008 2125 felici
1029 2067 1181 2127 nascente
1203 2061 1268 2128 die.
1314 2063 1442 2145 iamque
1465 2063 1576 2129 ordine
1598 2069 1684 2130 certo

920 2163 1128 2229 Christicolae
1151 2164 1283 2231 veniunt
1303 2166 1431 2251 populi,
1456 2166 1601 2253 Romana
1621 2168 1771 2233 iuventus

920 2267 1181 2350 magnanimique
1203 2267 1302 2334 duces
1325 2269 1426 2353 signis
1449 2270 1672 2336 comitantibus
1695 2291 1769 2335 una.

920 2368 987 2434 dux
1008 2369 1064 2434 ubi
1085 2369 1237 2436 distensis
1258 2370 1371 2437 habuit
1391 2373 1528 2438 tentoria
1548 2373 1646 2454 velis,

920 2472 1009 2536 visus
1031 2493 1101 2537 oum
1124 2472 1234 2557 primis
1256 2473 1363 2539 media
1385 2474 1467 2540 inter
1489 2481 1593 2540 castra
1614 2474 1784 2542 Iohannes.

919 2573 973 2638 hic
995 2595 1146 2658 magnum
1169 2576 1279 2640 statuit
1301 2576 1414 2641 velans
1435 2577 1538 2642 altare
1560 2576 1727 2657 sacerdos,

920 2685 952 2742 et
973 2678 1067 2743 solito
1090 2678 1190 2744 sacris
1213 2678 1421 2746 circumdedit
1441 2680 1582 2763 undique
1605 2682 1709 2766 peplis

920 2800 1006 2846 more
1028 2786 1164 2866 patrum.
1210 2781 1442 2865 instituuntque
1464 2783 1575 2853 choros
1598 2790 1630 2849 et
1650 2783 1758 2850 dulcia
1778 2785 1921 2870 psallunt

920 2883 1061 2949 carmina
1083 2882 1239 2950 deflentes
1260 2883 1374 2950 humili
1396 2905 1467 2951 cum
1489 2905 1566 2952 voce
1588 2886 1734 2953 ministri.

919 2994 970 3052 ast
991 2987 1046 3053 ubi
1068 2988 1185 3054 sacrati
1206 2988 1312 3072 tetigit
1333 2988 1398 3054 dux
1420 2989 1532 3054 limina
1552 2990 1664 3075 templi

918 3090 1120 3175 ingrediens,
1146 3092 1284 3174 gemitus
1305 3092 1416 3177 populi
1438 3113 1552 3176 rupere
1575 3092 1730 3159 dolentes.

918 3194 1040 3259 lumina
1062 3194 1258 3260 confundunt
1278 3195 1428 3261 lacrimis.
1475 3216 1537 3261 vox
1559 3196 1699 3280 undique
1721 3197 1828 3263 caelos

918 3298 1043 3383 pulsat,
1069 3304 1101 3362 et
1122 3297 1257 3363 infensis
1279 3304 1325 3363 tot
1347 3298 1475 3364 conscia
1496 3306 1625 3384 pectora
1646 3300 1764 3384 pugnis

918 3400 1109 3485 percutiunt.
1159 3401 1294 3467 ‘delicta
1316 3409 1441 3487 patrum
1464 3402 1605 3485 dimitte,
1631 3423 1797 3487 rogamus,

918 3510 1107 3587 nostraque,
1134 3504 1273 3570 Christe’
1298 3511 1430 3588 gemunt
1451 3511 1484 3571 et
1503 3505 1603 3571 tensis
1625 3505 1756 3572 aethera
1776 3506 1892 3591 palmis

918 3606 1111 3691 suspiciunt,
1138 3607 1320 3691 dominique
1344 3607 1405 3673 sibi
1428 3607 1549 3673 solacia
1570 3616 1714 3693 poscunt.

918 3710 986 3793 ipse
1008 3710 1089 3775 inter
1111 3710 1246 3795 primos,
1273 3711 1472 3795 genibusque
1494 3719 1526 3777 et
1548 3731 1678 3796 corpore
1699 3711 1800 3795 dexo,

917 3833 974 3897 pro
995 3813 1113 3897 populo
1134 3833 1271 3878 exorans
1292 3820 1397 3879 motus
1419 3814 1537 3898 pietate
1560 3814 1718 3879 Iohannes

918 3936 958 3982 ex
981 3915 1080 3980 oculis
1101 3915 1251 3981 lacrimas
1272 3915 1427 3982 fundebat
1447 3915 1586 3981 fluminis
1607 3917 1725 4000 instar,

917 4018 1161 4104 percutiensque
1184 4037 1276 4085 suum
1299 4020 1459 4103 geminato
1481 4021 1615 4086 verbere
1637 4027 1747 4105 pectus

917 4122 997 4188 talia
1019 4142 1096 4187 voce
1119 4128 1220 4205 rogat.
1271 4123 1398 4188 ‘mundi
1420 4129 1523 4208 sator,
1549 4124 1645 4189 unica
1666 4145 1771 4190 rerum

917 4225 983 4291 vita
1006 4226 1176 4310 salusque,
1202 4225 1298 4309 deus,
1324 4233 1447 4311 terrae,
1473 4228 1588 4307 maris,
1614 4228 1753 4294 aetheris
1775 4236 1886 4295 auctor

918 4329 1134 4414 omnipotens,
1161 4331 1284 4395 caelum
1307 4337 1339 4397 et
1359 4337 1476 4397 terram
1500 4331 1669 4397 virtutibus
1690 4333 1828 4417 implens

917 4432 1177 4516 undivagnmque
1200 4434 1304 4499 salum
1326 4434 1378 4500 vel
1400 4433 1556 4519 quidquid
1578 4435 1715 4519 cingitur
1737 4438 1831 4518 orbe,

917 4545 1055 4619 aeraque
1078 4545 1110 4602 et
1130 4544 1268 4603 taetrum
1290 4539 1399 4624 populi
1422 4538 1573 4624 pallentis
1595 4540 1774 4622 Avernum,

916 4640 1084 4724 imperium
1107 4646 1141 4705 tu
1164 4641 1252 4706 solus
1273 4640 1390 4717 habes;
1417 4641 1475 4707 tibi
1498 4661 1624 4707 summa
1645 4647 1786 4727 potestas

918 4748 950 4806 et
971 4742 1042 4807 laus
1065 4749 1097 4808 et
1117 4762 1250 4825 regnum
1274 4763 1474 4828 magnaeque
1496 4745 1639 4830 potentia
1660 4745 1803 4811 dextrae.

916 4844 1041 4929 respice
1063 4844 1126 4909 iam
1148 4844 1277 4911 tandem
1300 4847 1476 4929 Romanos,
1503 4847 1643 4932 respice,
1669 4866 1809 4929 summe,

916 4955 1011 5031 atque
1034 4948 1106 5032 pius
1128 4968 1293 5031 succurre,
1319 4957 1426 5035 pater,
1452 4956 1629 5034 gentesque
1652 4951 1807 5036 superbas

916 5051 1048 5135 frange,
1073 5071 1201 5136 precor,
1227 5052 1343 5118 11111116
1365 5059 1432 5118 tua.
1478 5053 1703 5138 dominumque
1725 5060 1886 5139 potentem

915 5160 948 5220 te
970 5155 1073 5219 solum
1095 5162 1271 5239 agnoscant
1291 5157 1417 5242 populi,
1444 5156 1520 5222 dum
1543 5157 1680 5222 conteris
1702 5156 1810 5223 hostes

916 5265 948 5323 et
970 5259 1078 5323 salvas
1100 5279 1157 5344 per
1178 5260 1265 5325 bella
1286 5266 1369 5325 tuos.
1416 5281 1500 5325 nuno
1522 5261 1671 5346 sculptile
1694 5260 1824 5326 damnat

916 5381 1008 5427 omne
1031 5382 1149 5446 genus,
1175 5383 1348 5446 rerumque
1372 5363 1467 5429 deum
1491 5369 1539 5445 te,
1565 5383 1697 5448 magne,
1723 5363 1887 5429 latemur'.

601 5591 650 5641 310
669 5592 777 5650 gemitur
796 5590 893 5652 Mosa„
918 5589 1025 5650 gemlnle
1046 5588 1066 5635 Τ
1204 5588 1254 5637 313
1278 5603 1368 5638 nomen
1388 5589 1409 5634 T
1547 5589 1597 5639 316
1620 5604 1669 5651 que
1686 5589 1747 5639 odd.
1768 5588 1845 5638 Meas.
1984 5590 2107 5641 31511111
2127 5595 2148 5641 T

531 5678 580 5727 317
600 5680 671 5727 solite
690 5676 805 5726 dubitans
823 5676 898 5723 Beck.
1026 5676 1124 5737 pbeplls
1146 5675 1166 5721 T
1302 5674 1353 5724 328
1371 5677 1455 5724 salunt
1474 5677 1495 5723 Τ

531 5762 580 5812 331
598 5763 681 5811 dilicta
702 5762 722 5809 Τ
827 5759 876 5810 336
894 5761 1036 5822 sueolplunt
1055 5762 1076 5808 T
1180 5760 1228 5811 337
1246 5763 1413 5825 gentibusque
1434 5762 1454 5809 Τ

531 5847 629 5895 damnat
652 5849 678 5910 T,
699 5847 788 5896 damna
805 5846 940 5896 Memorato
1042 5848 1091 5897 353
1111 5862 1248 5910 uerumque
1267 5846 1357 5911 Mosa,
1377 5855 1511 5912 utromque
1532 5850 1553 5897 T

1633 5676 1683 5725 329
1702 5677 1810 5724 ministri
1829 5674 1972 5739 Mommsen,
1993 5680 2106 5739 magistri
2126 5680 2147 5726 T

1575 5761 1625 5811 350
1646 5764 1730 5812 hence
1750 5763 1771 5809 T
1892 5762 1942 5811 ³52
1960 5767 2071 5827 scriptlle
2091 5765 2112 5812 T
