5034 6730
547 486 606 546 112
882 488 891 536 l

607 671 652 736 IV
680 671 849 737 Iustiniani
877 672 995 738 obitum
1025 672 1194 739 artificiose
1222 681 1315 758 poeta

543 774 723 856 introducit,
751 782 784 840 ut
800 795 839 841 ex
855 777 999 841 consulto
1015 783 1145 842 senatus
1162 777 1315 842 lustinum

544 878 702 942 avunculo
724 878 892 961 condignis
916 878 1066 944 laudibus

608 981 636 1044 V
658 981 719 1046 Vbi
735 982 965 1047 conlacrimans
977 982 1117 1048 lustinus
1130 988 1162 1047 et
1176 981 1217 1047 de
1232 1002 1317 1045 mor-

545 1090 575 1148 te
598 1084 766 1149 Iustiniani
789 1085 963 1167 sollicitus,
998 1085 1073 1151 dum
1100 1104 1193 1169 sopor
1215 1085 1316 1149 oculis

544 1186 740 1271 inrepsisset,
766 1210 824 1273 per
839 1189 978 1272 quietem
993 1188 1074 1253 vidit
1088 1194 1230 1254 sanctam
1246 1188 1316 1252 Ma-

544 1288 622 1353 riam
652 1290 807 1373 virginem
835 1292 1002 1375 imperium
1038 1291 1099 1357 sibi
1128 1290 1314 1357 decedentis

545 1394 695 1459 avunculi
718 1396 901 1478 subrogare.

610 1506 652 1569 Vl
683 1506 730 1570 De
753 1507 865 1572 lustini
887 1506 1021 1571 aedibus
1043 1504 1177 1569 Caliuiei
1208 1504 1314 1569 conci-

545 1608 618 1673 tatis
651 1608 797 1692 inpulsu,
834 1616 869 1673 ut
896 1608 1004 1673 aditus
1032 1608 1160 1673 daretur
1189 1608 1314 1673 senatui

543 1712 765 1795 imperatorem
783 1711 938 1776 lustinum
962 1711 1092 1794 eligere,
1120 1716 1151 1775 et
1174 1710 1313 1776 custodis

543 1814 586 1878 ad
609 1815 774 1899 strepitum
798 1836 868 1881 cum
890 1814 1109 1898 indignatione
1135 1814 1311 1898 responsis.

608 1919 668 1981 Vll
701 1919 880 2003 Descriptio
910 1918 1021 1982 domus
1051 1916 1180 1985 lustini,
1217 1937 1312 1998 quam

543 2021 682 2105 pretiosa
704 2022 774 2096 visu
797 2031 829 2087 et
850 2039 982 2106 operoso
1005 2020 1101 2086 luerit
1115 2020 1223 2084 labore
1239 2039 1314 2083 eon-

543 2131 670 2189 structa.

608 3862 684 3925 XVI
713 3860 838 3941 Refert,
871 3859 955 3942 quod
984 3860 1165 3926 universum
1194 3862 1311 3944 vulgus

545 3965 632 4030 fama
655 3963 873 4045 commoverit,
907 3968 941 4028 ut
962 3962 1004 4028 ad
1027 3963 1175 4027 honorem
1198 3962 1311 4028 lustini

545 4088 639 4150 quam
663 4086 796 4151 propere
819 4065 1032 4131 convenirent.

609 4170 701 4235 XVII
729 4169 813 4248 Quid
841 4168 943 4233 cireus
972 4170 1021 4234 vel
1050 4168 1119 4234 eius
1140 4162 1314 4253 apparatus

546 4273 743 4355 significent,
779 4272 832 4337 hic
860 4279 954 4356 poeta
982 4271 1164 4338 admirabili
1192 4271 1314 4337 ratione

545 4376 762 4461 conplectitur.

609 4480 718 4544 XVIII
739 4478 827 4544 Dicit
848 4478 909 4557 hic,
935 4478 1006 4561 quis
1028 4479 1163 4563 primum
1185 4477 1316 4561 quadri-

547 4602 606 4665 gas
627 4583 776 4662 iunxerit,
802 4588 835 4647 et
855 4581 940 4665 quod
962 4602 1046 4646 vana
1062 4568 1242 4666 superstitio
1257 4603 1316 4666 pa-

545 4706 698 4768 ganorum
714 4684 808 4750 deum
824 4684 925 4750 solem
940 4684 1106 4769 putaverit.
1140 4684 1195 4766 qui
1209 4690 1315 4749 tamen

546 4789 644 4853 honor
665 4788 742 4854 solis
764 4793 877 4873 postea
898 4787 1049 4852 Romanis
1071 4786 1198 4852 delatus
1220 4795 1279 4853 est.

597 4948 632 4993 lV
649 4948 764 4994 consultu
784 4945 812 4992 M
889 4945 1085 4993 commendatum
1104 4946 1253 4993 successisse
1271 4946 1314 4993 do·

547 5038 600 5079 cest
610 5039 664 5093 post
676 5033 794 5080 leudibus
806 5031 863 5080 odd.
880 5031 955 5078 Barth
969 5031 1041 5077 XXV
1050 5032 1066 5078 3
1076 5046 1103 5092 p.
1117 5034 1182 5079 1216
1236 5032 1257 5077 V
1269 5046 1313 5079 ron

546 5117 696 5166 locumasM
758 5116 929 5178 iorepissetM
989 5115 1153 5178 subrogsrlM
1220 5116 1314 5165 Vle-

546 5205 614 5252 linirl
628 5205 700 5263 Rois,
720 5205 767 5252 cali
780 5205 832 5253 nihl
847 5202 876 5250 M
942 5204 990 5251 Vll
1010 5203 1094 5263 Bella,
1116 5204 1149 5251 Vl
1163 5201 1192 5250 M
1258 5218 1315 5265 pre-

546 5291 609 5337 tiosa
629 5291 669 5349 M,
698 5291 809 5352 speciosa
831 5291 911 5339 Voock
930 5291 997 5339 Leet.
1019 5292 1067 5338 125
1187 5291 1270 5340 leuore
1289 5288 1318 5336 M

547 5377 609 5424 XVI
634 5378 718 5425 Refert
741 5378 806 5439 quod
830 5378 977 5425 uniuersum
995 5377 1088 5437 uulgus
1106 5378 1172 5425 tems
1189 5389 1315 5425 commone

546 5463 605 5511 odd.
627 5463 774 5526 Mainomena,
800 5466 827 5512 in
849 5462 930 5510 codiee
952 5463 1092 5522 verberit,
1120 5468 1149 5511 ut
1166 5463 1196 5511 ed
1215 5477 1315 5512 onorem

548 5552 638 5599 unum
657 5565 731 5612 quem
749 5562 852 5612 propere
871 5551 1036 5598 conuenirent
1051 5563 1179 5609 perperam
1189 5548 1316 5610 periochae

548 5641 634 5699 cupitis
657 5637 704 5682 Vll
721 5635 895 5696 adsaporetur
988 5635 1064 5682 XVII
1082 5635 1167 5695 Bae,
1187 5636 1235 5683 Vll
1256 5634 1284 5683 Μ

547 5725 686 5772 admitsuili
698 5721 725 5769 Μ
757 5722 913 5770 connectitur
925 5719 953 5767 Μ
991 5722 1074 5769 XVlll
1087 5722 1171 5787 Beleia,
1185 5723 1245 5770 Vlll
1255 5721 1283 5770 M

547 5813 603 5873 quis
613 5813 705 5869 serr'psr',
721 5809 763 5870 qni
775 5808 802 5854 M
844 5807 909 5869 qnod
920 5822 968 5855 nnc
979 5809 1141 5869 srrpprentitio
1154 5808 1180 5856 M
1221 5822 1280 5857 onor
1290 5806 1318 5855 M

1281 484 1427 540 CORIPPI

1456 1502 1501 1566 Vl
1528 1506 1549 1585 (1
1572 1508 1613 1585 os)
1653 1504 1701 1569 De
1726 1505 1840 1570 Iustini
1869 1505 2003 1573 aedibus
2025 1508 2161 1574 Calinici

1392 1605 1555 1671 concitatis
1577 1606 1706 1690 inpulsu
1729 1614 1761 1673 et
1782 1609 1923 1675 custodis
1937 1609 1980 1674 ad
1995 1611 2160 1694 strepitum

1391 1727 1461 1772 cum
1484 1707 1703 1792 indignatione
1724 1713 1895 1795 responsis.

1455 1916 1516 1980 Vll
1543 1919 1563 1997 (ι
1586 1924 1627 1999 ar]
1656 1917 1835 2003 Descriptio
1857 1918 1968 1984 domus
1991 1920 2116 1987 lustini.

1456 2209 1532 2273 VlII
1559 2211 1663 2292 (1115)
1702 2210 1751 2275 De
1782 2218 1938 2276 conventu
1968 2218 2000 2277 et
2028 2232 2162 2297 persua-

1392 2312 1480 2376 sione
1503 2320 1627 2396 patrum
1650 2332 1706 2396 pro
1728 2312 1843 2378 Instini
1865 2315 2029 2397 regimine.

1455 2415 1502 2478 IX
1541 2418 1643 2497 (1154)
1693 2415 1742 2480 De
1778 2417 2011 2483 renuntiatione
2048 2419 2161 2485 Iustini

1390 2536 1545 2582 summam
1567 2517 1692 2604 imperii
1714 2520 1885 2585 renuentis.

1453 2621 1485 2684 X
1511 2627 1615 2701 11173]
1658 2622 1706 2688 De
1736 2622 1881 2707 precihus
1911 2645 1931 2688 a
1960 2632 2072 2690 senatu
2102 2646 2158 2710 pro

1389 2724 1520 2808 imperio
1543 2724 1657 2790 Iustini
1679 2745 1802 2791 rursum
1826 2725 1952 2791 oblatis.

1453 2828 1501 2892 Xl
1527 2830 1631 2911 (1197)
1670 2829 1762 2895 Felix
1791 2829 1969 2914 auspicium
1992 2852 2032 2897 ex
2054 2832 2158 2915 gallo-

1388 2951 1456 2995 rum
1480 2938 1574 2997 cantu
1597 2932 1719 2998 Iustino
1742 2932 1945 3017 Sophiacquc
1968 2934 2129 3001 conicitur.

1452 3034 1516 3098 XII
1543 3037 1564 3117 ξι
1587 3042 1647 3109 202)
1675 3036 1723 3101 De
1740 3036 1882 3101 excubiis
1898 3043 1929 3101 et
1944 3037 2158 3105 sollicitudine

1389 3138 1501 3202 domus
1523 3138 1644 3221 regiae.

1452 3240 1532 3305 XIII
1559 3240 1580 3323 (r
1604 3242 1663 3322 226)
1693 3240 1816 3319 Quibus
1838 3242 1983 3326 exequiis
2006 3242 2159 3308 Iustinia-

1388 3363 1448 3407 nus
1470 3349 1542 3428 post
1562 3343 1813 3415 mortemfuerit
1833 3345 2016 3412 honoratus.

1452 3446 1527 3510 XlV
1548 3450 1570 3529 (ι
1585 3450 1644 3529 248)
1672 3447 1720 3512 De
1735 3447 1851 3514 affectu
1867 3448 1981 3515 IustIni
1995 3469 2073 3533 erga
2087 3470 2158 3516 cor-

1387 3570 1447 3634 pus
1469 3549 1630 3614 avunculi.

1452 3652 1513 3716 XV
1540 3654 1644 3736 (1272)
1682 3653 1801 3738 Sophia
1829 3653 1948 3720 luctum
1970 3653 2076 3720 flentis
2099 3655 2159 3721 viri

1388 3755 1599 3840 congeminat.

1453 3859 1529 3923 XVI
1556 3860 1659 3941 (1294)
1698 3859 1823 3942 Refert,
1859 3860 1944 3944 quod
1976 3860 2158 3927 universum

1389 3962 1505 4045 vulgus
1534 3982 1590 4046 pro
1617 3962 1731 4027 Iustini
1759 3963 1877 4028 honore
1906 3963 1993 4028 fama
2021 3983 2160 4030 commo-

1389 4066 1481 4131 verit.

1455 4168 1547 4233 XVII
1575 4170 1596 4241 (ι
1618 4170 1678 4245 :ud
1705 4168 1789 4247 Quid
1812 4168 1913 4233 circus
1935 4169 1986 4233 vel
2009 4168 2079 4233 eius
2100 4190 2160 4254 ap-

1391 4278 1521 4358 paratus
1543 4270 1711 4354 significet.
1736 4271 1923 4337 mirabiliter
1944 4270 2084 4337 disserit.

1456 4479 1565 4544 XVlll
1592 4480 1614 4561 (ι
1638 4482 1695 4539 :cul
1735 4477 1821 4543 Dicit
1842 4477 1904 4561 hic,
1930 4478 2001 4561 quis
2023 4479 2159 4562 primum

1392 4582 1566 4667 quadrigas
1589 4581 1737 4647 iunxerit.

1444 4949 1478 4994 Vl
1496 4961 1551 4996 cum
1571 4946 1740 5005 iudignstlooe
1757 4948 1849 5006 scripsi,
1869 4944 2040 5003 indignatione
2060 4943 2094 5007 M,
2118 4946 2159 4992 ln-

1393 5035 1518 5095 dlgnsnlls
1538 5033 1599 5081 uere
1686 5033 1719 5079 Xl
1740 5031 1830 5079 luntInt
1850 5030 1878 5077 M
1966 5032 2011 5079 XV
2030 5032 2113 5078 sotium
2134 5029 2161 5077 Μ

1392 5122 1464 5171 XVll
1481 5121 1573 5167 dixerit
1593 5118 1620 5165 M
1687 5119 1770 5166 XVlll
1792 5119 1915 5165 lnnrxsrit
1934 5116 1960 5163 M
