5042 6726
553 572 729 638 XXXVIII
1253 572 1483 629 Psoessulvu.

553 794 756 860 Putziutulus
778 794 847 878 ipse
869 793 994 861 iordter
1014 814 1164 881 pugnans
1187 803 1319 861 mortem
1342 795 1575 881 oppetivit²¹⁸).
1622 793 1688 860 Sed
1710 794 1744 858 in
1766 801 1908 880 tempore
1931 794 2103 874 Iohannes,
2129 793 2185 876 qui

554 914 654 980 altero
684 933 781 979 cornu
810 913 920 980 hostes
946 913 1008 979 sibi
1030 914 1193 997 oppositos
1216 913 1459 999 profligaverat,
1491 914 1711 979 laborantibus
1734 912 1958 996 subveniret).
2005 913 2088 977 Tota
2109 919 2185 977 tunc

552 1032 734 1099 Maurorum
755 1031 826 1098 acie
847 1031 882 1097 in
905 1031 1016 1116 fugam
1039 1051 1194 1098 conversa
1209 1033 1345 1099 Romani
1366 1032 1503 1099 victores
1526 1040 1667 1116 stragem
1684 1032 1848 1116 ingentem
1864 1030 2046 1097 ediderunt.
2086 1032 2186 1097 Prae·

551 1158 601 1217 ter
628 1152 711 1217 alios
740 1150 839 1218 duces
867 1151 1042 1237 permultos
1051 1153 1101 1232 220)
1136 1151 1317 1233 Carcasan,
1354 1150 1583 1217 Marmaridum
1613 1171 1671 1217 rex
1701 1170 1862 1231 summus,
1900 1150 2025 1217 occisus
2056 1150 2180 1233 calm).

553 1270 652 1349 Cuius
680 1277 780 1336 morte
810 1271 913 1336 relata
934 1270 1131 1336 Iohannidos
1152 1270 1236 1336 liber
1257 1278 1389 1337 octavus
1410 1271 1444 1336 in
1467 1269 1530 1336 fine
1553 1270 1685 1335 mutilus
1707 1269 1836 1335 desinit.
1883 1270 1949 1335 Sed
1972 1269 2117 1355 Procopii
2143 1290 2184 1334 ex

556 1388 699 1455 historiis
730 1388 884 1455 discimus
910 1396 1033 1456 mutam
1062 1389 1163 1456 luisse
1193 1389 1374 1455 Maurorum
1404 1389 1547 1473 cladem,
1578 1397 1644 1454 tam
1674 1389 1816 1473 graviter
1843 1409 1951 1456 eorum
1980 1389 2066 1454 vires
2095 1388 2187 1453 labe·

552 1507 690 1574 iactatas
712 1527 803 1591 esse,
836 1515 872 1574 ut
900 1508 1016 1574 multos
1043 1529 1101 1592 per
1129 1528 1232 1573 annos
1260 1509 1481 1574 invasionibus
1510 1508 1692 1594 provincias
1714 1510 1874 1574 Romanas
1896 1528 2015 1573 vexare
2038 1526 2102 1571 nou
2123 1526 2184 1571 au-

552 1629 675 1709 derent,
701 1627 894 1710 africaeque
916 1626 1023 1692 fessae
1045 1626 1176 1692 tandem
1198 1628 1372 1711 aliqnando
1387 1648 1453 1713 pax
1467 1628 1686 1711 malorumque
1700 1627 1894 1694 intermissio
1909 1626 2180 1710 contingeret222).

639 1746 799 1812 Iohannes
828 1745 984 1830 magister
1012 1766 1113 1811 annos
1135 1753 1219 1812 certe
1242 1748 1412 1812 nonnullos
1435 1747 1636 1831 provinciae,
1670 1766 1766 1830 quam
1787 1746 1927 1811 hostium
1949 1744 2183 1811 incursionibus

550 1865 708 1932 coutinuis
738 1865 947 1946 liberaverat,
982 1864 1131 1950 praefuit.
1179 1866 1271 1930 Anno
1295 1865 1380 1930 cuim
1402 1888 1434 1951 p.
1461 1866 1537 1932 Chr.
1562 1887 1595 1931 n.
1621 1868 1684 1930 553
1710 1866 1744 1931 in
1767 1865 1950 1931 Sardiniam
1972 1863 2179 1949 provinciam,

550 2005 634 2068 quae
663 1984 706 2050 ad
729 1983 915 2049 Africanam
945 1983 1120 2050 dioecesim
1150 1984 1345 2069 pertinebat,
1380 1984 1616 2070 expeditionem
1639 1984 2022 2070 suscepisseterturwb.
2069 1983 2182 2048 Paullo

550 2110 659 2170 autem
682 2109 756 2188 post
777 2109 911 2170 mortem
932 2103 1051 2170 obiisse
1073 2103 1213 2187 videtur,
1239 2124 1310 2170 cum
1333 2124 1449 2170 nomen
1471 2105 1542 2170 eius
1564 2124 1668 2185 neque
1690 2104 1769 2170 belli
1792 2103 1919 2170 Gothici
1941 2103 2034 2168 anuis
2058 2109 2184 2187 postre-

550 2224 611 2288 mis
632 2243 738 2305 neque
760 2229 873 2308 postea
894 2242 1036 2305 unquam
1057 2229 1259 2288 memoretur.
1303 2223 1580 2289 Verisimillimum
1602 2231 1653 2289 est
1674 2224 1879 2307 superstitem
1901 2243 1973 2290 eum
1995 2242 2059 2287 non
2081 2221 2182 2287 fuisse

549 2362 633 2408 anno
656 2346 736 2422 562,
763 2360 825 2425 quo
848 2339 978 2406 Africae
999 2360 1051 2406 res
1075 2340 1180 2407 denuo
1202 2341 1350 2410 turbatae
1372 2349 1456 2408 sunt.
1504 2342 1665 2407 Iohannes
1687 2343 1773 2407 enim
1796 2342 1973 2426 Rogatiuus
1995 2348 2072 2407 tuno
2094 2339 2183 2405 Afri-

549 2482 607 2528 cae
637 2460 820 2547 pracfectus
842 2460 1024 2525 Maurorum
1054 2480 1163 2544 regem
1193 2461 1345 2526 Romanis
1374 2460 1566 2526 fidissimum
1588 2460 1741 2526 Cusinam
1771 2461 1855 2527 dolis
1883 2460 2133 2527 circumventum
2164 2479 2183 2523 e

550 2580 658 2646 medio
682 2580 813 2646 sustulit
821 2582 886 2662 ²²⁴).
934 2578 1093 2645 Perfidiae
1116 2585 1225 2645 tanae
1247 2580 1368 2646 ultores
1391 2579 1532 2646 Casinas
1555 2579 1613 2645 filii
1635 2580 1755 2644 Mauris
1777 2579 1820 2644 ad
1842 2600 1932 2644 arma
1955 2578 2076 2645 vocatis
2095 2578 2183 2643 Afri-

550 2720 621 2765 cam
642 2706 742 2765 totam
765 2697 987 2764 crudelissime
1010 2705 1187 2764 vastarunt.
1235 2700 1326 2765 'Punc
1348 2718 1465 2765 novum
1487 2698 1610 2764 bellum
1633 2698 1809 2765 Mauricum
1831 2699 1968 2781 exarsit,
2001 2697 2088 2782 qnod
2116 2704 2184 2763 mm

550 2819 635 2884 male
658 2839 678 2883 a
701 2818 868 2902 Byzantiis
890 2824 1018 2900 gestum
1042 2824 1107 2895 est,
1141 2824 1176 2881 ut
1204 2817 1296 2901 regni
1317 2817 1489 2883 Iustiniani
1519 2816 1613 2882 annis
1641 2818 1793 2883 extremis
1817 2819 1859 2883 ad
1882 2819 2012 2883 ultimas
2034 2816 2183 2881 miserias

549 2937 660 3002 Africa
684 2937 962 3020 delabereturm).

1246 3320 1494 3418 PROCOPII

997 3553 1087 3648 DE
1113 3552 1326 3648 BELLO
1355 3551 1735 3651 VANDALICO

1137 3768 1329 3845 cunina
1356 3769 1599 3847 sennenn.

640 3992 785 4076 Procopii
814 3991 848 4056 in
870 3990 952 4055 libro
975 3989 1076 4055 altero
1098 3990 1139 4056 de
1162 3990 1249 4055 bello
1273 3989 1450 4058 Vandalico
1473 4012 1546 4058 cum
1567 3999 1635 4059 tota
1656 3992 1724 4058 fere
1746 3989 1943 4057 Iohannidos
1964 3990 2184 4074 interpretatio

551 4111 703 4178 historica
725 4110 864 4189 nitatur,
896 4109 955 4191 iis,
987 4108 1042 4192 qui
1065 4109 1195 4195 Corippi
1219 4109 1309 4175 libris
1331 4117 1512 4193 uterentur,
1546 4118 1673 4194 gratum
1703 4131 1755 4176 me
1784 4109 1944 4175 facturum
1965 4102 2218 4205 Mommsenusl'
2282 4094 2284 4099 ¹

550 4230 721 4313 indicavit,
749 4229 777 4295 si
799 4227 874 4293 hnic
896 4228 1058 4312 prooemio
1081 4228 1228 4314 Procopii
1250 4228 1357 4313 capita
1379 4249 1429 4311 ea,
1455 4249 1538 4311 quae
1560 4229 1624 4294 buc
1645 4230 1817 4314 pertinent,
1843 4228 2055 4295 addidissem.
2102 4229 2183 4295 Cum

550 4357 657 4416 autem
686 4369 728 4415 nc
751 4347 930 4413 Bonnensis
959 4347 1089 4431 quidem
1119 4347 1216 4414 editio
1246 4367 1351 4430 neque
1376 4346 1686 4434 interpolationibus,
1718 4349 1835 4434 quibus
1857 4349 1931 4415 libri
1953 4370 2051 4415 manu
2073 4348 2184 4433 scripti

551 4468 643 4533 multi
664 4465 822 4551 inquinati
845 4473 936 4549 sunt,
963 4467 1091 4533 ommno
1113 4474 1239 4550 careat,
1272 4487 1377 4550 neque
1399 4467 1433 4533 in
1455 4468 1636 4534 nominibus
1658 4468 1796 4554 propriis
1818 4469 1996 4536 scribendis
2018 4468 2098 4534 satis
2121 4467 2182 4533 sibi

552 4592 691 4668 constet,
724 4586 835 4651 aviro
858 4585 969 4667 docto,
1001 4586 1056 4668 qni
1084 4606 1168 4651 nunc
1198 4585 1361 4652 codicibus
1390 4587 1519 4671 optimis
1549 4586 1655 4653 denuo
1685 4589 1829 4655 excussis
1851 4588 1997 4672 Procopii
2019 4587 2109 4653 libris
2132 4605 2184 4651 re-

552 4705 722 4773 censendis
750 4724 880 4789 operam
911 4711 1024 4786 navat,
1059 4704 1220 4770 Guilelmo
1250 4704 1379 4788 Meyero
1405 4706 1607 4788 Monacensi,
1642 4714 1679 4771 ut
1707 4726 1725 4772 c
1755 4706 1882 4774 schedis
1911 4706 1996 4784 suis,
2029 4724 2110 4788 quae
2140 4703 2183 4768 ad

638 5015 696 5077 218)
718 5016 772 5065 Cor.
793 5015 848 5063 lob.
869 5014 930 5062 v111
949 5011 1096 5062 tte-496.

638 5118 695 5181 219)
718 5117 773 5167 Gor.
794 5116 847 5166 Ich.
869 5116 930 5163 VIII
947 5112 1095 5165 stt-tlt.

630 5220 696 5282 220)
716 5220 816 5268 lordan.
836 5219 907 5268 Rom.
926 5232 950 5268 c.
965 5216 1015 5267 356
1033 5216 1147 5265 Momms.
1169 5232 1194 5279 p.
1210 5212 1275 5265 242¹>
1292 5216 1357 5265 Mur.
1381 5216 1446 5264 ‘unt
1464 5217 1505 5264 dle
1523 5216 1610 5264 decern
1628 5221 1654 5263 et
1672 5222 1768 5278 septem
1786 5217 1923 5278 praefectos
1941 5218 2062 5277 extinxit,
2083 5231 2183 5279 pacem·

550 5321 600 5370 que
619 5308 697 5356 totins
717 5305 816 5353 Africae
834 5304 938 5352 Iuventa
955 5302 1055 5351 domino
1072 5303 1227 5365 impetrarit.

636 5407 695 5470 221)
717 5408 773 5457 Cor.
795 5406 848 5457 lob.
870 5406 932 5454 VIII
950 5403 1098 5456 dli-634.
1119 5405 1153 5452 Vl
1175 5403 1318 5453 let-187.

638 5510 696 5573 222)
718 5511 787 5560 Pron.
807 5511 833 5559 b.
854 5508 936 5557 vanu.
956 5509 981 5557 Il
999 5506 1032 5558 28
1045 5510 1089 5557 ltu.
1127 5510 1152 5558 b.
1173 5506 1248 5557 Goth.
1269 5508 1306 5554 lv
1327 5505 1367 5554 li.

637 5611 697 5675 223)
717 5611 787 5660 Pron.
808 5612 833 5660 b.
853 5610 930 5658 Goth.
949 5608 985 5657 w
1002 5607 1045 5659 24.

637 5713 697 5777 att)
717 5714 771 5766 Iob.
793 5713 876 5761 Malal.
897 5710 1032 5774 chronogr.
1051 5711 1138 5761 XVIII
1156 5726 1183 5774 p.
1201 5710 1262 5761 cst.
1282 5711 1333 5760 Iso
1352 5712 1392 5761 ed.
1413 5712 1490 5760 Dind.

640 5816 699 5880 225)
720 5815 776 5866 Cor.
797 5815 865 5864 laud.
884 5814 949 5863 lust.
972 5815 981 5862 l
1002 5811 1112 5865 ts-m.
1151 5815 1240 5864 Anast.
1262 5812 1303 5862 37.
