5034 6730
964 537 1003 594 IN
1021 535 1178 594 LAVDEM
1195 534 1408 593 Arrasrasrl.

759 727 881 793 arboris
904 736 937 794 et
959 729 1074 809 fontis,
1101 729 1129 793 si
1151 729 1202 794 fas
1225 749 1404 813 conponere
1428 729 1555 813 magnis

759 852 859 916 parra
881 833 991 915 datur,
1017 833 1120 898 iustas
1134 821 1253 898 'videor
1274 834 1420 917 posuisse
1443 833 1593 925 liguram

758 935 808 999 sin
830 935 926 1000 aliter
946 935 1074 1017 ridear,
1100 936 1227 1001 veniam
1249 936 1346 1020 petit,
1373 936 1491 1021 optime
1513 943 1679 1018 quaestor,

758 1037 947 1123 simplicitas
968 1039 1083 1122 ignara
1104 1040 1193 1104 mali.
1240 1047 1275 1106 tu
1297 1038 1412 1104 fertilis
1435 1040 1528 1103 arbor

757 1141 902 1224 Augusto
926 1141 965 1206 de
988 1141 1076 1207 fonte
1098 1143 1224 1208 bibens.
1271 1142 1343 1206 fons
1365 1143 1524 1207 maximus
1547 1142 1642 1207 aulae
1658 1148 1714 1206 est

757 1245 931 1309 communis
953 1245 1140 1312 benefactor
1161 1245 1275 1327 hems,
1301 1245 1374 1310 fons
1397 1246 1503 1310 omnia
1525 1246 1649 1327 ditans,

755 1347 811 1430 qui
833 1354 889 1412 tua
910 1368 967 1432 per
988 1349 1072 1414 latas
1095 1348 1207 1414 eduxit
1227 1349 1361 1414 brachia
1381 1357 1484 1414 terras

755 1456 788 1514 et
807 1451 942 1534 populos
964 1459 1072 1516 vestra
1094 1452 1294 1535 requiescere
1317 1451 1393 1517 fecit
1415 1452 1448 1516 in
1470 1443 1593 1517 umbra.

754 1552 830 1633 hoc,
857 1555 937 1619 mihi
963 1556 1023 1635 da,
1050 1555 1090 1621 de
1113 1555 1201 1621 fonte
1223 1556 1342 1621 bibam.
1389 1562 1425 1620 tu
1447 1555 1567 1640 pabula
1589 1556 1741 1640 praebes,

753 1656 825 1721 fons
847 1657 926 1722 mibi
948 1657 1052 1724 dulcis
1075 1678 1188 1741 aquas.
1233 1657 1314 1723 haec
1335 1659 1418 1723 inter
1439 1679 1575 1724 amoena
1596 1659 1735 1724 libenter

753 1760 893 1843 nutriar,
919 1768 952 1826 et
972 1770 1080 1827 vestra
1103 1762 1239 1827 satiatus
1261 1768 1411 1846 protegar
1432 1763 1562 1845 umbra,

753 1882 876 1928 summe
898 1864 1140 1947 magistrorum,
1166 1884 1331 1949 procemm
1355 1864 1470 1945 decus,
1497 1866 1616 1931 arbiter
1638 1867 1739 1945 orbis,

752 1966 905 2051 principis
927 1967 1071 2051 auspicio
1094 1968 1185 2050 leges
1207 1975 1239 2034 et
1259 1967 1331 2032 iura
1353 1969 1555 2051 gubernans,

751 2068 894 2135 iustitiae
915 2070 1051 2151 vindex,
1077 2071 1207 2155 inopum
1230 2079 1338 2155 pater,
1365 2071 1471 2135 omnia
1494 2091 1609 2137 curans

751 2170 877 2236 iudiciis
900 2173 1044 2238 relevare
1066 2173 1145 2257 piis,
1172 2173 1247 2257 quia
1268 2194 1402 2238 munera
1422 2174 1558 2257 temnis,

751 2275 875 2359 spernis
898 2276 1082 2356 avaritiam,
1109 2276 1232 2341 fulvum
1255 2277 1340 2358 quod
1362 2278 1487 2363 respuis
1510 2298 1643 2357 aurum,

750 2386 900 2460 quaestor
921 2380 1092 2462 Anastasi,
1118 2400 1213 2463 quem
1236 2380 1356 2446 Christi
1379 2400 1509 2446 munere
1533 2381 1632 2446 fidum

749 2482 900 2566 cognovit
920 2482 1069 2567 princeps
1091 2483 1284 2566 geminoque
1307 2485 1432 2549 ornavit
1453 2485 1581 2549 honore.

749 2584 828 2649 felix
850 2592 899 2652 est
920 2592 1005 2651 totus
1027 2586 1149 2651 Iustino
1171 2586 1314 2670 principe
1336 2586 1493 2670 mundus,

749 2687 828 2754 felix
850 2689 930 2768 haec
952 2695 1061 2771 aetas,
1088 2689 1121 2753 iu
1143 2710 1207 2772 qna
1229 2690 1396 2774 Sapientia
1418 2698 1550 2773 regnat,

748 2792 861 2857 felices
883 2793 993 2877 populi
1014 2798 1046 2858 te
1068 2791 1193 2875 iudice,
1219 2812 1298 2875 quos
1321 2792 1401 2858 facis
1423 2794 1495 2878 ipse

747 2896 806 2961 sub
830 2894 967 2960 dominis
989 2895 1132 2978 gaudere
1155 2895 1227 2980 piis.
1275 2896 1469 2979 generaliter
1490 2897 1558 2963 orbi

746 3020 938 3083 quamquam
961 2999 1148 3083 provideas,
1174 2999 1283 3065 miseri
1305 2999 1488 3083 specialiter
1510 3000 1579 3065 Afri

745 3103 778 3167 in
799 3110 831 3167 te
854 3104 963 3168 oculos
986 3111 1081 3186 atque
1104 3123 1160 3168 ora
1182 3103 1299 3167 femnt.
1345 3104 1414 3186 agit
1435 3103 1545 3170 Africa
1567 3111 1694 3187 grates,

745 3213 777 3271 et
798 3213 936 3271 vestram
958 3206 1023 3271 iam
1046 3206 1143 3271 sentit
1164 3226 1274 3291 opem,
1301 3206 1504 3289 gaudetque,
1529 3207 1614 3289 quod
1637 3209 1746 3292 ampla

744 3328 871 3393 semper
892 3309 1055 3374 Anastasii
1077 3309 1219 3374 referunt
1241 3308 1363 3375 solacia
1385 3309 1483 3374 cives.

744 3433 794 3479 me
817 3432 941 3495 quoque
963 3411 1174 3495 gaudentem,
1201 3419 1406 3495 quaestomm
1428 3414 1585 3497 maxime,
1612 3414 1723 3482 redde,

742 3514 828 3599 quod
850 3516 942 3581 labor
961 3515 1114 3598 indulsit,
1140 3515 1225 3597 quod
1248 3515 1345 3580 fessis
1367 3515 1501 3600 provida
1523 3517 1624 3582 Musis

741 3619 828 3684 alma
851 3638 907 3703 per
927 3619 1091 3683 insomnes
1112 3618 1227 3683 meruit
1248 3618 1420 3700 vigilantia
1440 3625 1567 3701 noctes,

742 3722 775 3787 bi
798 3723 881 3787 sacri
902 3729 1079 3788 monstrant
1100 3722 1220 3807 apices.
1267 3722 1358 3805 lege,
1384 3741 1507 3787 summe
1530 3724 1699 3807 magister,

742 3832 774 3891 et
796 3845 925 3891 causam
949 3825 1087 3891 defende
1109 3846 1226 3890 meam.
1273 3825 1331 3891 tibi
1353 3826 1475 3891 sanctio
1497 3834 1637 3892 vestrum

741 3929 943 3995 commendat
964 3929 1130 3994 famulum.
1177 3934 1284 3993 vestro
1306 3927 1347 3993 de
1369 3928 1456 3995 fonte
1479 3936 1603 3995 creatur

645 4114 653 4119 μ
740 4032 862 4097 rivulus
884 4033 946 4098 iste
968 4053 1078 4114 meus,
1105 4032 1164 4097 sub
1187 4031 1278 4096 cuius
1300 4031 1428 4097 nomine
1450 4039 1541 4115 gesto

739 4135 891 4220 principis
914 4135 1066 4201 officium.
1112 4135 1220 4200 fessae
1241 4135 1394 4200 miserere
1417 4143 1584 4217 senectae,

738 4239 987 4322 vulneribusque
1009 4239 1090 4306 meis
1112 4238 1207 4303 solitu
1229 4238 1350 4322 pietate
1373 4237 1520 4321 medere,

738 4348 774 4406 ut
794 4349 902 4424 grates
924 4341 982 4407 tibi
1004 4342 1109 4408 laetus
1131 4361 1243 4424 agam,
1270 4359 1441 4422 sacrosque
1463 4341 1642 4425 triumphos

737 4444 891 4530 principis
912 4444 1022 4510 invicti
1045 4443 1133 4509 felici
1157 4442 1297 4508 carmine
1320 4442 1436 4508 dicam.

421 4725 451 4774 li
470 4728 563 4776 obtime
583 4724 609 4772 M
724 4723 758 4774 ld
776 4737 834 4772 erus
852 4721 881 4770 M
994 4720 1026 4770 2³
1044 4725 1098 4770 voci
1115 4722 1207 4784 pabula
1224 4721 1241 4769 3
1258 4735 1293 4771 m.
1315 4719 1344 4767 M
1358 4720 1460 4784 pceouls
1476 4724 1644 4783 superscripsit
1756 4729 1859 4787 praebes
1876 4734 1973 4793 scripsi,

350 4827 458 4873 prsoeus
477 4811 518 4872 M,
547 4813 637 4875 praebe
657 4809 760 4870 Pano,
788 4810 907 4873 praebeas
930 4808 1006 4856 Bor-tt
1026 4809 1087 4855 XX!
1105 4809 1121 4855 ἱ)
1136 4824 1163 4870 p.
1187 4810 1252 4857 1015
1390 4806 1423 4857 26
1446 4808 1539 4857 srultcr
1564 4806 1592 4853 Μ
1729 4809 1761 4859 2ῖ
1785 4827 1928 4873 ganemu„
1947 4817 1977 4865 M

348 4896 380 4945 :lc
399 4899 464 4959 quod
484 4897 519 4959 Μ,
539 4901 598 4961 quia
615 4899 673 4957 lspit
691 4896 755 4945 Boia
893 4894 923 4944 3¹
943 4895 1061 4943 anastasii
1081 4893 1108 4940 Μ
1240 4891 1433 4942 stornatum
1563 4892 1595 4942 44
1614 4894 1650 4943 hii
1670 4894 1698 4941 Μ
1826 4899 1858 4948 45
1877 4902 1926 4950 tini
1946 4902 1974 4950 Μ

348 4983 381 5031 lt
399 4984 547 5033 oonmcudst
565 4983 607 5045 M,
630 4987 658 5030 ut
676 4984 735 5032 solet
872 4980 905 5029 47
924 4981 1020 5029 rinolus
1038 4987 1148 5028 stemeus
1167 4978 1195 5026 M
1314 4991 1438 5027 errarem
1454 4991 1631 5028 raxrcrarerrr
1649 4994 1678 5029 nr
1697 4996 1803 5032 aaronis
1822 5000 1970 5038 aussrasrr.

288 5047 291 5053 ’
349 5083 448 5117 rueram
465 5083 546 5118 amaa
562 5082 660 5119 narnus
678 5081 783 5117 conmrr
800 5080 927 5116 usercam
945 5080 1090 5114 ammiror
1108 5079 1202 5115 nnrrvs
1220 5080 1249 5114 ru
1267 5078 1373 5114 aavnsrr
1392 5077 1491 5113 rvarmr
1507 5078 1601 5114 novem
1620 5081 1731 5116 urucam
1753 5069 1780 5116 M
