5030 6734
1291 542 1439 599 CORIPPI

942 737 993 796 ast
1015 731 1071 797 ubi
1092 732 1243 817 perfectis
1265 733 1420 799 caelestia
1441 753 1574 800 munera
1595 734 1695 799 sacris

942 832 1092 898 obtulerit
1114 833 1242 900 domino
1263 835 1465 901 venerandus
1487 836 1547 902 rite
1569 833 1736 917 sacerdos,

942 941 1078 1018 votaque
1101 937 1263 1002 Rumams
1285 938 1475 1023 persolverit
1495 939 1606 1005 ordine
1628 937 1740 1019 miles,

942 1057 1096 1123 ponemus
1117 1058 1257 1104 mensas.
1303 1061 1343 1107 ue
1366 1042 1461 1125 longe
1483 1041 1606 1126 pascite
1627 1039 1750 1126 campis

943 1141 1184 1227 quadrupedes,
1210 1144 1317 1228 epulis
1339 1145 1487 1228 quoniam
1510 1144 1551 1210 de
1573 1164 1660 1210 mora
1683 1143 1820 1228 receptis

943 1251 1048 1310 castra
1070 1266 1197 1311 movere
1218 1247 1341 1331 placet,
1367 1268 1429 1313 non
1451 1248 1554 1314 tristia
1575 1248 1699 1313 mittere
1721 1247 1827 1332 bella,

943 1347 1001 1413 sed
1022 1354 1145 1413 tantum
1168 1368 1338 1434 properare
1361 1350 1457 1434 locis,
1483 1358 1519 1416 ut
1540 1352 1611 1416 luce
1634 1350 1781 1432 sequenti

941 1487 985 1496 —
1007 1470 1081 1515 mox
1101 1450 1203 1535 primo
1224 1453 1377 1519 mundum
1400 1472 1595 1538 consurgens
1617 1454 1761 1537 margine
1783 1453 1931 1519 Phoebus

943 1552 1166 1621 flammivomis
1189 1558 1352 1642 continget
1375 1559 1466 1642 equis
1488 1597 1531 1606 —
1554 1559 1749 1625 committere
1771 1580 1913 1644 pugnam

943 1656 1057 1722 ricinis
1080 1657 1177 1725 liceat
1197 1659 1334 1727 ferventi
1357 1661 1456 1727 caede
1478 1662 1615 1726 Lataris.

943 1780 1003 1826 nec
1024 1761 1154 1844 longum
1176 1760 1343 1846 quassabit
1362 1765 1441 1847 iter,
1467 1765 1658 1849 sonipesque
1680 1765 1844 1849 pedesque

942 1867 1033 1933 fortis
1055 1867 1132 1949 erit,
1157 1874 1333 1952 gentesque
1355 1869 1441 1934 feras
1463 1869 1579 1935 virtute
1601 1870 1756 1935 necabit‘.

943 1978 1116 2054 assurgunt
1137 1974 1276 2038 clamore
1298 1972 1377 2054 viri,
1403 1972 1622 2057 plauduntque
1644 1973 1816 2057 faventque

926 2075 1151 2157 ›exultuntque
1174 2076 1300 2143 animis.
1346 2076 1482 2142 redeunt
1502 2076 1536 2140 in
1559 2084 1664 2141 castra
1686 2076 1840 2143 cohortes.

1028 2198 1088 2243 nec
1109 2178 1215 2243 minus
1237 2185 1269 2244 et
1289 2178 1454 2244 Nasamon
1478 2178 1607 2245 diversa
1628 2179 1662 2244 in
1684 2186 1774 2265 parte
1797 2181 1945 2265 rebellis,

943 2280 1111 2346 consilium
1133 2281 1258 2347 infandi
1280 2281 1403 2347 faciens
1426 2302 1482 2367 pro
1504 2288 1645 2367 tempore
1667 2283 1762 2367 belli,

942 2383 1042 2468 impia
1064 2391 1221 2468 cognatae
1244 2388 1443 2451 contraxerat
1465 2385 1596 2468 agmina
1616 2387 1745 2467 turbae,

943 2492 1039 2571 atquc
1061 2487 1144 2552 alias
1167 2487 1302 2572 Libyam
1324 2488 1419 2553 bellis
1441 2506 1523 2571 quas
1545 2488 1692 2554 scindere
1714 2494 1826 2573 gentes

944 2591 1140 2674 compulerat
1160 2591 1332 2676 praedonis
1354 2612 1443 2657 amor
1465 2592 1621 2675 sortisque
1642 2592 1802 2658 nefandae

944 2700 1087 2758 extrema
1108 2695 1172 2759 lam
1194 2702 1294 2760 morte
1317 2695 1400 2761 dies.
1447 2694 1627 2760 Guenfeius
1649 2716 1730 2779 una,

944 2814 1059 2882 aspera
1081 2797 1168 2862 bella
1190 2798 1294 2881 ciens,
1320 2799 1426 2864 animo
1448 2800 1594 2864 consulta
1615 2799 1767 2881 revolvit,

944 2901 1115 2985 impatiens
1138 2902 1266 2967 differre
1289 2901 1356 2966 diu.
1402 2907 1510 2966 tamen
1533 2902 1644 2967 ordine
1666 2901 1787 2986 primus

945 3004 1107 3069 Caucason
1129 3004 1176 3069 sic
1198 3020 1289 3070 orsus
1310 3005 1365 3070 ait.
1417 3005 1538 3070 ‘vicina
1559 3005 1711 3071 Iohannis

945 3114 1049 3173 castra
1070 3114 1234 3192 premunt,
1260 3115 1293 3173 et
1314 3126 1414 3174 saeva
1435 3108 1538 3174 fames
1559 3109 1625 3175 iam
1648 3109 1826 3195 comprimit
1847 3130 1969 3176 omnes.

944 3200 1096 3295 gentibus
1118 3231 1182 3276 una
1204 3212 1292 3276 salus
1315 3213 1450 3277 celerem
1474 3213 1667 3279 committere
1689 3231 1849 3298 pugnam,

945 3315 1021 3380 dum
1044 3312 1169 3380 solidae
1191 3314 1277 3379 uires
1299 3315 1510 3380 membrorum
1532 3316 1644 3381 robore
1666 3320 1822 3382 constant.

944 3434 1019 3484 nam
1040 3418 1198 3503 pecudum
1221 3432 1296 3502 spes
1318 3419 1388 3483 sola
1409 3418 1512 3504 epulis
1534 3425 1567 3485 et
1588 3418 1783 3503 lymphigeri
1804 3419 1906 3484 amnis

946 3528 1105 3588 sustentat
1125 3538 1275 3607 suprema
1296 3521 1391 3587 viros.
1437 3522 1504 3588 iam
1525 3522 1620 3588 farris
1642 3522 1683 3587 ab
1706 3521 1792 3588 omni

945 3623 1064 3690 defecit
1084 3622 1268 3691 Nasamona
1289 3640 1403 3709 genus.
1450 3644 1626 3692 memorare
1649 3627 1792 3709 Lyaeum

945 3742 1008 3793 nou
1030 3748 1110 3813 opus
1132 3736 1192 3794 est.
1237 3728 1329 3795 iurat
1349 3729 1435 3795 unda
1456 3729 1571 3796 fluens.
1617 3729 1645 3795 si
1667 3728 1824 3794 vincimus
1846 3729 1972 3811 hostes,

945 3831 1053 3897 omnia
1074 3832 1205 3898 Maurus
1226 3832 1341 3915 habet,
1366 3840 1522 3918 prostrato
1544 3832 1646 3898 milite
1667 3839 1773 3897 castra

945 3933 1099 4018 diripiens
1120 3940 1166 4000 tot
1186 3935 1284 4019 plena
1306 3934 1408 4000 bonis.
1455 3935 1585 4001 immota
1605 3935 1780 4000 manebunt

945 4055 1055 4101 securo
1078 4055 1232 4121 responsa
1253 4038 1349 4119 mihi,
1375 4058 1457 4121 quae
1480 4037 1626 4121 corniger
1647 4038 1782 4103 Ammon

945 4146 1028 4204 sorte
1051 4138 1157 4223 dedit,
1183 4140 1293 4205 Latias
1316 4141 1402 4207 bellu
1425 4160 1576 4225 superare
1599 4143 1771 4206 catervas'.

1033 4243 1190 4309 ‘crastina
1212 4243 1295 4310 festa
1316 4243 1387 4310 dies
1409 4244 1527 4330 populo
1549 4243 1735 4328 peragenda
1757 4245 1870 4311 Latino
1893 4248 1966 4311 est'.

944 4348 1062 4433 excipit
1083 4348 1250 4415 Autillten.
1301 4350 1480 4415 ‘Romanus
1501 4349 1625 4433 proelia
1647 4349 1739 4414 miles

944 4453 1034 4518 nulla
1055 4458 1152 4537 paret
1173 4452 1287 4518 solitus
1309 4452 1418 4517 sacris.
1465 4456 1541 4518 tuno
1562 4470 1652 4518 arma
1674 4470 1801 4519 movere

944 4562 1052 4620 nostra
1072 4556 1160 4621 iube.
1206 4556 1384 4640 incomptos
1407 4556 1511 4621 subito
1533 4572 1717 4641 rumpamus
1738 4555 1772 4620 in
1793 4555 1921 4637 hostes,

944 4659 1019 4724 dum
1041 4659 1147 4725 medio
1168 4659 1253 4724 calet
1274 4659 1353 4724 bora
1374 4659 1444 4741 die,
1470 4660 1545 4726 dum
1569 4666 1682 4724 cuncta
1704 4660 1763 4725 sub
1785 4658 1906 4724 umbris

944 4783 1075 4848 corpora
1097 4762 1185 4828 fessa
1205 4763 1312 4828 lacent
1332 4763 1429 4828 nimio
1452 4764 1574 4828 lassata
1595 4763 1713 4828 calore.

943 4872 1111 4951 praeterea
1132 4866 1278 4950 geminas
1299 4871 1422 4931 tantum
1444 4865 1627 4931 rescindere
1648 4865 1753 4930 fossas

943 4975 994 5035 est
1014 4969 1253 5052 virtutisopus.
1301 4967 1372 5033 duri
1394 4968 1530 5053 primum
1551 4969 1623 5052 ipsa
1645 4968 1796 5034 Iohannis

945 5080 1050 5139 castra
1072 5072 1165 5154 timo,
1192 5071 1372 5154 densasque
1395 5071 1490 5136 simul
1512 5071 1672 5154 fortesque
1695 5071 1840 5137 cohortes

945 5175 1148 5260 audacesque
1170 5174 1267 5240 duces
1289 5173 1434 5240 collectis
1457 5172 1542 5256 elige
1565 5173 1684 5257 signis,

628 5438 678 5489 223
691 5452 722 5486 ne
738 5439 768 5499 Τ,
783 5452 830 5486 naa
844 5436 934 5497 Muza,
949 5450 999 5484 nou
1012 5435 1086 5485 Beltlt.
1175 5432 1225 5484 224
1238 5436 1344 5497 receptis
1358 5433 1446 5494 Maza,
1463 5434 1549 5482 reattis
1563 5434 1584 5481 Τ
1667 5432 1716 5482 226
1728 5447 1859 5496 properare
1873 5434 1903 5495 Τ,
1917 5436 2028 5497 propiare
2042 5433 2178 5483 Memorem

558 5525 607 5575 227
626 5540 683 5574 mox
704 5526 740 5587 Τ,
767 5540 824 5575 cum
842 5523 957 5573 dubitans
975 5522 1050 5571 Belclt.
1172 5521 1311 5581 magluai'
1441 5519 1491 5569 229
1509 5520 1595 5568 laturis
1616 5520 1649 5579 T,
1678 5521 1767 5569 laturis
1786 5522 1844 5580 leptt
1863 5520 1957 5581 diota,
1987 5521 2083 5568 Latinis
2101 5520 2174 5570 Bcldr.

559 5611 607 5662 231
628 5612 760 5661 ruerabltl'
864 5608 914 5659 tat
932 5607 1106 5658 massamonl'
1210 5606 1259 5656 235
1278 5606 1375 5655 tutandi
1389 5605 1479 5667 Mass„
1499 5607 1661 5669 nephandll'
1764 5606 1814 5657 236
1832 5607 1966 5667 agmine?
2065 5604 2178 5654 23901-

558 5708 636 5747 trema
653 5700 704 5747 tam
721 5704 800 5747 morte
821 5698 850 5759 Τ,
870 5702 982 5746 extrema
999 5696 1048 5744 iam
1065 5696 1093 5743 ln
1111 5700 1189 5743 morte
1206 5693 1324 5743 dubitent
1336 5692 1413 5743 Moza.
1438 5693 1568 5754 conserens
1586 5693 1654 5753 Verp.
1670 5692 1731 5741 Aen.
1747 5692 1777 5739 11
1789 5695 1848 5741 ul.
1870 5693 1907 5740 ill
1919 5694 1979 5753 did,
1999 5699 2109 5740 extremo
2127 5694 2176 5739 lam

560 5784 637 5833 Marta
651 5784 725 5833 aaut.
821 5781 872 5833 242
890 5781 1037 5831 camaranT
1133 5778 1638 5843 ttolympurgcrrmrpo,1ympnuerr
1731 5778 1780 5827 247
1799 5780 1862 5828 utrta
1876 5778 1953 5827 Maza,
2051 5778 2101 5829 248
2120 5792 2178 5829 aas·

558 5884 659 5919 samone
680 5870 701 5920 Τ
805 5869 855 5921 ἳόθ
874 5869 955 5918 solitis
973 5868 1092 5918 debitunt
1111 5868 1184 5917 aeta.
1291 5866 1341 5919 259
1359 5868 1441 5917 laxata
1458 5864 1573 5918 aetram
1591 5866 1665 5918 nem.
1771 5866 1820 5919 260
1839 5868 1905 5918 tussa
1925 5866 1945 5918 Τ
1969 5902 1973 5909 ,
