5030 6734
973 604 1203 661 IOHANNIDOS
1221 607 1293 661 LIB.
1314 606 1351 699 11.

740 795 830 860 milia
850 802 940 861 tantu
961 794 1086 860 virum?
1129 796 1175 860 sio
1198 795 1227 860 si
1248 795 1376 861 lucusta
1397 796 1457 862 sub
1479 795 1576 861 astris

739 899 857 963 Austro
880 897 977 965 flaute
1000 898 1088 963 eadit
1109 898 1248 982 Libycos
1270 898 1390 964 diffusa
1411 917 1470 983 per
1491 919 1586 982 agros

740 1020 816 1066 vere
838 1001 898 1066 sub
921 1006 1084 1083 extremo,
1111 1001 1162 1065 vel
1187 1020 1258 1065 oum
1280 1001 1383 1067 Notus
1405 1000 1537 1068 aethere
1559 1001 1601 1067 ab
1623 1001 1690 1066 alto

739 1103 772 1167 iu
794 1123 883 1169 mare
904 1102 1112 1187 praeeipitem
1135 1123 1316 1187 magnoque
1339 1124 1360 1167 a
1380 1103 1506 1169 turbine
1529 1110 1653 1187 raptam

739 1204 787 1269 ire
807 1205 911 1271 iubet:
938 1204 1045 1271 dubiis
1067 1205 1253 1270 horrescunt
1276 1205 1373 1270 eorda
1394 1226 1513 1291 pavore

739 1306 908 1390 agricolis,
934 1314 1064 1391 segetes
1085 1327 1126 1372 ue
1149 1314 1291 1374 conterat
1311 1308 1441 1374 borrida
1462 1309 1582 1394 pestis,

739 1429 803 1475 ueu
824 1416 930 1475 vastet
952 1410 1074 1476 fruetus
1095 1417 1222 1476 teneros
1244 1410 1415 1494 hortosque
1438 1411 1593 1495 virentes,

740 1512 890 1577 mollibus
912 1520 968 1578 aut
989 1513 1087 1578 ramis
1108 1512 1274 1579 florentem
1298 1512 1407 1578 laedat
1428 1514 1557 1579 olivam.

739 1616 867 1699 iamque
889 1615 1005 1701 pedem
1028 1615 1193 1681 retrahens
1215 1616 1284 1682 ibat
1305 1617 1450 1682 Romana
1470 1617 1640 1699 iuventus,

631 1741 643 1778 u
741 1718 864 1784 duotori
885 1738 1040 1802 responsa
1061 1717 1179 1784 ferens.
1226 1718 1311 1783 hane
1332 1720 1496 1804 proximus
1517 1720 1620 1786 bostis

740 1821 917 1887 oiroumdat
939 1821 1072 1886 levitate
1095 1841 1164 1886 sua.
1212 1821 1276 1886 iam
1299 1821 1380 1887 dura
1403 1822 1555 1888 subibant

739 1924 881 2007 agmina.
929 1923 1123 1990 eonveniunt
1144 1923 1238 1990 densi
1260 1923 1301 1990 de
1323 1925 1483 1991 montibus
1507 1925 1630 2006 hostes,

739 2026 889 2092 faucibus
911 2047 929 2091 e
952 2026 1075 2093 eunetis
1097 2046 1227 2111 campos
1249 2026 1426 2094 tunduntur
1446 2028 1480 2093 iu
1503 2048 1632 2109 omnes,

739 2129 859 2195 Austur
880 2136 929 2211 et,
954 2128 1117 2195 indomitis
1139 2129 1256 2195 ardens
1278 2150 1361 2213 quae
1384 2131 1485 2195 fertur
1505 2131 1540 2195 in
1562 2131 1679 2213 armis,

739 2232 929 2298 Mutuniana
949 2251 1075 2298 manus.
1124 2232 1268 2298 suodedit
1289 2232 1379 2299 fortis
1401 2233 1545 2316 Ilaguas.

738 2335 867 2419 iamque
890 2336 949 2400 sub
972 2335 1106 2401 hostiles
1129 2335 1216 2401 aoies
1237 2336 1427 2402 transmissa
1449 2344 1596 2402 catervas

737 2439 904 2503 innumero
927 2439 1074 2504 currebat
1095 2458 1186 2522 equo.
1233 2441 1403 2523 turbatque
1424 2440 1619 2524 premitque,

739 2548 771 2606 et
793 2541 897 2624 magis
919 2547 1015 2625 atque
1037 2541 1142 2625 magis
1165 2542 1299 2607 densum
1323 2542 1459 2627 stipatur
1483 2543 1517 2608 in
1539 2564 1673 2625 agmen,

739 2651 958 2729 exuperatque
980 2644 1075 2710 viros.
1122 2645 1202 2729 ipsis
1224 2652 1346 2710 artatur
1367 2646 1408 2710 ab
1431 2645 1534 2711 hastis
1698 2664 1704 2677 ’

631 2769 644 2807 t
739 2767 890 2834 campus,
916 2754 950 2813 et
971 2748 1095 2831 ingenti
1117 2756 1288 2832 quassatur
1308 2755 1394 2813 terra
1415 2749 1564 2814 tumultu.

739 2850 803 2931 sio,
830 2850 884 2916 ubi
907 2851 1104 2936 compellunt
1126 2850 1286 2917 ourrentia
1306 2851 1418 2916 nubila
1440 2850 1528 2916 venti

739 2972 900 3018 murmure
923 2972 995 3018 eum
1018 2952 1144 3036 valido,
1170 2958 1217 3019 tot
1237 2953 1357 3019 crebris
1378 2954 1509 3036 ignibus
1530 2955 1649 3020 ardeus

739 3055 867 3122 nimbus
889 3062 922 3120 et
943 3056 1083 3122 adversa
1103 3056 1236 3123 veniens
1258 3056 1293 3121 in
1314 3057 1417 3123 fronte
1440 3059 1582 3142 procella

739 3157 845 3224 influit
865 3158 988 3224 euantis
1011 3165 1102 3225 vasto
1125 3179 1197 3224 oum
1219 3159 1361 3243 pondere
1383 3160 1484 3243 guttis
1502 3243 1506 3251 ,

740 3260 909 3343 grandinis
929 3261 1100 3327 infandae:
1127 3262 1246 3346 pluviis
1269 3263 1436 3346 ventisque
1459 3264 1610 3330 subactus

740 3364 844 3430 tristia
867 3364 1058 3430 submittens
1080 3364 1145 3430 iam
1168 3363 1306 3447 frigidus
1329 3385 1385 3430 ora
1406 3366 1509 3431 uiator

741 3466 890 3533 dentibus
912 3466 1093 3549 infremuit,
1119 3467 1222 3532 vietus
1244 3467 1291 3533 sio
1312 3476 1406 3550 terga
1428 3468 1570 3549 reflexit,

741 3576 774 3634 et
794 3569 866 3634 looa
886 3575 956 3635 tuta
978 3576 1091 3653 petens
1113 3569 1205 3634 silvis
1226 3570 1383 3653 tectisque
1405 3572 1552 3636 oueurrit.

741 3692 805 3737 nou
826 3671 921 3738 aliter
943 3672 1105 3737 Romanus
1128 3691 1226 3756 eques
1248 3672 1312 3737 iam
1334 3672 1439 3738 vietus
1462 3673 1590 3756 abibat,

741 3774 832 3840 hoste
854 3782 1019 3860 premente
1042 3774 1147 3858 grard.
1194 3794 1330 3858 surgens
1353 3777 1429 3843 lieet
1450 3777 1561 3844 inolita
1583 3777 1684 3842 virtus

743 3876 837 3942 tbrtia
859 3876 946 3942 faeta
967 3884 1071 3962 petat,
1099 3877 1216 3943 nimius
1238 3885 1347 3944 tamen
1368 3878 1523 3963 imprimit
1544 3877 1645 3945 bostis

743 3980 949 4046 couveniens.
995 3999 1055 4045 neo
1075 3980 1142 4045 tela
1164 3980 1225 4045 viri
1245 4000 1306 4047 neo
1328 3981 1453 4065 spicula
1475 3990 1610 4067 possunt

742 4103 895 4168 spargere
917 4083 1005 4148 lenta
1027 4104 1134 4148 manu.
1183 4084 1272 4149 solus
1293 4084 1348 4148 vix
1372 4084 1493 4151 suffieit
1514 4086 1601 4152 ensis

741 4186 863 4270 pellere
884 4186 986 4252 Marte
1009 4185 1111 4269 siros,
1138 4185 1234 4271 olipei
1256 4186 1310 4251 rix
1333 4187 1446 4253 sistere
1469 4196 1580 4253 eontra

740 4289 876 4354 vulnera
897 4288 1070 4354 sufficiunt.
1117 4289 1217 4354 tristis
1239 4295 1316 4354 tuus
1337 4289 1471 4354 aethera
1493 4291 1615 4355 elamor

740 4391 860 4476 puisat.
906 4390 1065 4475 susceptis
1087 4397 1255 4475 regemunt
1276 4391 1437 4457 obstantia
1458 4392 1532 4457 telis
1726 4384 1729 4389 ’

741 4501 834 4558 souta
855 4493 970 4558 virum.
1017 4492 1159 4557 infandis
1180 4493 1321 4576 agitatur
1342 4492 1410 4559 vita
1431 4494 1572 4579 petiolis.

740 4604 816 4661 tuno
837 4597 982 4661 Romana
1002 4595 1090 4661 aoies
1113 4594 1267 4679 paulatim
1291 4595 1448 4661 exeedere
1470 4618 1580 4681 pugna

741 4699 867 4781 nititur,
893 4699 1110 4781 adversosque
1132 4698 1268 4764 reiuetat
1289 4699 1446 4783 prendere
1470 4701 1583 4767 eolles.

827 4803 953 4868 interes
974 4803 1069 4868 velox
1091 4801 1237 4888 placidas
1259 4811 1466 4869 ooneusserat
1488 4824 1584 4870 aures

741 4907 886 4988 nuntius,
912 4904 1036 4990 ingenti
1058 4906 1249 4971 oonturbaus
1272 4912 1376 4971 eastra
1398 4908 1554 4989 tumultu,

741 5009 948 5075 descendisse
971 5007 1057 5074 feros
1080 5008 1171 5074 silvis
1194 5015 1226 5074 et
1247 5009 1408 5074 montibus
1430 5009 1538 5075 bostes

740 5112 941 5194 innumeros,
968 5131 1097 5197 campos
1119 5111 1207 5178 aeies
1228 5111 1383 5198 implesse
1405 5111 1579 5195 nefandas,

355 5336 584 5344 ——-—.--.-.--
594 5336 766 5344 Μ

426 5486 681 5549 retentumque,
707 5489 755 5537 sub
772 5488 809 5537 sie
828 5485 859 5548 T,
885 5486 925 5533 usi
945 5486 983 5533 sie
1000 5482 1078 5534 Mass.
1205 5483 1253 5533 198
1271 5472 1386 5533 οιὴοῐΤ
1508 5484 1556 5534 ise
1573 5493 1662 5534 rutum
1683 5484 1704 5532 T
1822 5484 1869 5536 201
1890 5501 1940 5535 neu
1961 5487 1982 5534 T

354 5571 405 5622 202
423 5573 548 5621 sautu
651 5571 700 5622 203
720 5573 815 5621 ultuam
836 5571 857 5618 T
960 5569 1011 5619 205
1028 5571 1148 5632 proximis
1169 5570 1190 5616 T
1293 5569 1343 5620 207
1362 5571 1518 5619 souueuiuut
1535 5570 1651 5631 lactus„
1676 5584 1721 5619 eur
1739 5574 1848 5620 ueniunt
1869 5572 1896 5629 T,
1922 5586 1979 5620 oum

355 5658 465 5706 ueniunt
477 5658 555 5707 Moza.
661 5658 768 5707 deutiT
870 5655 921 5705 200
939 5654 1109 5716 οΜοπιωκπ,
1125 5656 1187 5704 stT
1291 5654 1341 5704 200
1360 5656 1499 5718 ardensque
1516 5657 1597 5704 fertur
1613 5657 1756 5706 inermisT
1860 5657 1909 5707 210
1928 5658 1981 5706 Μι-

354 5742 560 5793 oumisnadiuss.
649 5742 800 5803 biiugussT
902 5740 952 5790 211
970 5741 1188 5803 extpperstqueT
1290 5740 1339 5790 211
1359 5742 1441 5790 eouT
1527 5742 1693 5791 crebribusT
1795 5741 1846 5792 210
1863 5744 1983 5804 gustisT

354 5826 404 5878 221
422 5829 524 5877 babibst
543 5828 565 5875 T
700 5826 751 5877 220
768 5830 897 5888 imprsurit
913 5827 980 5875 hosti
1001 5827 1022 5873 Τ
1160 5825 1210 5875 228
1229 5840 1317 5876 manus
1339 5827 1361 5874 T
1496 5827 1547 5877 229
1565 5829 1687 5889 persiisre
1710 5827 1731 5874 Τ
1848 5830 1940 5890 clipeis
1962 5829 1983 5876 Τ

354 5913 400 5964 231
423 5914 548 5962 bostsntis
568 5913 589 5960 Τ
692 5911 742 5962 nti
761 5912 919 5960 discendisss
936 5914 975 5960 uel
991 5913 1147 5961 distendisse
1167 5913 1187 5959 Τ
1292 5911 1343 5961 238
1361 5914 1471 5975 implere
1491 5914 1512 5959 Τ
