5042 6726
1032 588 1261 646 Paeonmvu.
1806 584 1966 651 XXXVII

335 817 563 883 Marmaridum
595 816 661 883 dux
683 816 862 897 Carcasan,
895 814 951 880 ubi
980 812 1133 879 Iohannis
1162 811 1336 877 exercitum
1366 810 1624 896 appropinquare
1653 810 1823 895 comperit,
1858 809 1965 875 statim

336 956 408 1000 cum
432 935 584 1001 Romanis
606 934 842 1018 confligendum
865 952 938 999 esse
960 931 1095 999 censuit.
1143 929 1208 995 Sed
1236 930 1314 996 vicit
1335 930 1473 996 Antalae
1502 929 1689 1012 consilium,
1722 930 1776 1013 qui
1798 928 1966 996 itineribus

336 1056 482 1139 maguis,
514 1054 647 1121 aestatis
670 1053 848 1134 caloribus,
873 1051 984 1136 inopia
1005 1048 1207 1134 fatigandum
1230 1050 1319 1134 prius
1341 1050 1554 1115 Romanorum
1577 1049 1769 1131 exercitum,
1794 1069 1891 1133 quam
1913 1068 1967 1113 ar·

336 1174 397 1239 mis
426 1175 624 1256 vinceretur,
657 1170 958 1254 demonstravit20i).
1007 1170 1139 1236 Dierum
1169 1168 1268 1251 igitur
1297 1167 1408 1235 decem
1433 1168 1548 1234 itinere
1570 1188 1628 1252 per
1648 1176 1748 1235 utam
1769 1168 1967 1254 prouinciam

336 1294 538 1377 Byzacenam
560 1312 661 1376 usque
684 1292 726 1356 ad
748 1311 836 1356 oram
858 1290 1049 1355 maritimam
1072 1289 1212 1373 regressi
1233 1288 1338 1354 Mauri
1359 1288 1393 1353 in
1414 1308 1493 1373 agro
1507 1287 1658 1354 qucensi
1680 1288 1963 1372 consederuntlill.

337 1412 482 1478 Eandem
505 1412 668 1495 regionem
690 1410 851 1476 Iohannes
880 1409 920 1475 de
949 1409 1090 1474 hostium
1117 1408 1233 1473 itinere
1262 1428 1320 1492 per
1342 1408 1577 1492 exploratores,
1611 1407 1651 1473 de
1673 1407 1811 1473 Autalae
1833 1407 1967 1474 consilio

338 1531 536 1615 captivorum
558 1530 665 1595 verbis
687 1529 803 1595 certior
824 1529 928 1594 factus
950 1527 1136 1614 petivit209).
1185 1526 1265 1593 Cum
1295 1534 1402 1594 autem
1431 1534 1508 1593 tunc
1530 1547 1655 1611 quoque
1678 1527 1787 1593 hostes
1809 1527 1966 1612 proelium

338 1650 553 1716 detrectantes
581 1669 601 1714 a
630 1649 723 1715 litore
752 1649 786 1715 in
807 1648 970 1732 regionem
994 1645 1156 1731 quandam
1179 1646 1310 1731 Byzaeii
1332 1646 1551 1712 meridionalis
1573 1646 1734 1713 montibus
1756 1646 1892 1713 obsitam
1915 1667 1967 1713 re-

338 1769 567 1853 cederent209),
601 1768 750 1853 persequi
780 1787 836 1833 eos
857 1768 1018 1833 Iohannes
1047 1764 1170 1831 destitit
1199 1772 1231 1829 et
1260 1766 1293 1830 in
1323 1785 1379 1831 ora
1409 1765 1568 1831 maritima
1589 1773 1704 1852 {castra
1725 1766 1878 1849 munivit,
1912 1765 1967 1832 ubi

337 1887 498 1953 exercitus
527 1907 651 1953 summa
681 1893 713 1952 et
742 1887 906 1952 celeritate
937 1894 970 1951 et
999 1885 1168 1951 securitate
1199 1890 1394 1949 commeatus
1415 1885 1552 1950 navibus
1575 1886 1715 1969 undique
1737 1885 1889 1951 adrectos
1911 1906 1969 1951 ac-

337 2007 535 2090 ciperet²¹⁰)‚
582 2007 664 2071 Fore
686 2006 771 2071 enim
795 2004 991 2087 confidebat,
1025 2012 1061 2070 ιιι
1081 2003 1191 2069 hostes
1214 2022 1232 2068 e
1254 2003 1348 2068 terris
1370 2003 1496 2088 asperis
1518 2003 1728 2089 incultisque,
1762 2023 1843 2087 quas
1865 2004 1969 2089 petie-

337 2134 420 2206 rant,
444 2146 519 2192 mox
541 2125 650 2210 inopia
672 2124 773 2190 coacti
795 2124 841 2190 ad
862 2124 955 2190 litora
975 2129 1220 2189 reverterentur.
1267 2122 1364 2187 Haud
1386 2122 1484 2188 dubie
1505 2122 1579 2208 ipsa
1600 2124 1633 2190 in
1656 2124 1786 2208 regione
1809 2124 1968 2190 maritima

338 2265 394 2311 eos
416 2252 630 2331 expectasset,
656 2243 719 2309 nisi
742 2243 902 2309 exercitus
925 2242 1074 2326 Byzantii
1095 2241 1269 2323 seditione,
1296 2248 1332 2306 ut
1352 2241 1431 2307 belli
1453 2242 1549 2307 finem
1571 2243 1782 2325 acceleraret,
1809 2243 1967 2310 adductus

338 2372 435 2431 esset.
474 2364 594 2429 Milites
617 2363 752 2428 Romani
775 2361 853 2429 belli
875 2361 1027 2446 periculis
1049 2368 1082 2426 et
1103 2361 1266 2426 laboribus
1289 2360 1450 2426 continuis
1472 2360 1619 2444 conlecti,
1645 2363 1793 2429 mercede
1815 2370 1911 2449 pacta
1933 2383 1968 2429 se

336 2484 402 2549 iam
425 2482 548 2549 dudum
570 2482 739 2549 destitutos
761 2501 834 2548 esse
856 2480 1117 2565 indignantes²¹¹l
1144 2479 1331 2561 Iohannem,
1358 2500 1454 2562 quem
1477 2481 1627 2547 miseriae
1650 2482 1867 2566 egestatisque
1890 2502 1969 2549 suae

337 2611 498 2669 auctorem
528 2601 795 2683 criminabantur,
829 2601 927 2667 armis
957 2599 1083 2666 infestis
1113 2600 1304 2684 petiverunt.
1352 2600 1414 2665 Vix
1436 2600 1572 2666 Iohanni
1598 2601 1662 2686 ipsi
1684 2622 1756 2667 cnm
1779 2601 1915 2668 ducibus
1937 2609 1970 2668 et

338 2722 506 2805 armigeris
529 2720 601 2786 iidis
624 2720 763 2787 evadere
785 2719 899 2786 castris
921 2719 1050 2785 furiosis
1058 2719 1109 2802 ²¹²)
1137 2726 1170 2784 et
1190 2718 1372 2784 Maurorum
1395 2717 1631 2786 foederatorum
1654 2723 1772 2807 opem]
1798 2723 1969 2787 tumultum

338 2842 552 2906 Romanorum
583 2838 791 2924 comprimere
821 2838 963 2921 contigit.
1010 2837 1072 2903 Vbi
1104 2836 1293 2904 seditionem
1322 2837 1465 2921 sedavit,
1504 2839 1660 2922 magister
1687 2841 1820 2907 consilio
1849 2848 1970 2908 mumto

339 2960 449 3026 hostes
470 2959 634 3025 insecutus
656 2958 744 3026 haud
767 2959 863 3042 louge
884 2957 926 3023 ab
948 2957 990 3022 iis
1012 2957 1047 3023 iu
1069 2956 1191 3042 campis
1213 2956 1344 3023 Catonis
1366 2959 1584 3042 consedit²¹⁴].
1632 2959 1698 3026 Sed
1726 2966 1792 3026 tam
1817 2960 1900 3027 bene
1922 2960 1971 3026 lo-

341 3099 450 3144 corum
480 3086 595 3143 natura
623 3077 763 3144 hostium
793 3085 899 3143 cauma
927 3075 1051 3143 munita
1079 3076 1218 3159 invenit,
1252 3083 1287 3142 ut
1314 3078 1493 3162 expugnari
1520 3097 1618 3164 posse
1640 3100 1680 3146 ea
1702 3079 1878 3165 desperans
1899 3080 1970 3166 ipse

339 3198 479 3280 quietem
506 3217 604 3280 agere
637 3196 862 3278 constitueret,
896 3194 996 3262 doueo
1027 3195 1177 3261 frumeuti
1206 3194 1316 3281 iuopia
1341 3197 1444 3262 coacti
1473 3217 1491 3263 e
1521 3198 1600 3264 locis
1628 3199 1754 3285 asperis
1782 3201 1817 3266 in
1839 3218 1970 3284 campos

338 3318 454 3403 planos
484 3315 727 3382 descenderent.
774 3315 866 3394 Quae
896 3333 971 3400 spes
1001 3334 1074 3380 eum
1104 3334 1168 3379 nou
1197 3313 1316 3380 fefellit
1324 3316 1391 3398 21ι).
1438 3316 1555 3383 Paucis
1585 3318 1670 3384 enim
1701 3318 1815 3385 diebus
1843 3319 1970 3405 postia

338 3436 472 3522 planitie
494 3433 708 3501 Marmaridae
738 3440 844 3500 castra
864 3440 1050 3518 posueruut.
1097 3433 1192 3498 Brevi
1222 3433 1339 3500 deinde
1368 3434 1482 3501 itinere
1513 3455 1584 3501 cum
1613 3435 1658 3502 sd
1685 3437 1796 3504 hostes
1825 3439 1969 3524 proxime

339 3553 793 3635 lohannesaccessisset210),
825 3552 986 3619 dominica
1008 3552 1120 3635 diem)
1155 3552 1315 3619 exereitus
1343 3560 1476 3637 uterque
1505 3555 1549 3620 ad
1570 3555 1727 3640 proelium
1749 3556 1883 3625 eductus
1906 3566 1965 3625 est.

339 3674 576 3758 Congressione
605 3672 692 3738 iacta
720 3672 857 3756 primum
887 3672 1047 3737 exercitus
1069 3671 1205 3737 Romani
1233 3691 1331 3737 cornu
1352 3673 1506 3755 alterum,
1542 3675 1593 3740 oui
1615 3676 1753 3760 Cutina,
1785 3677 1969 3745 Maurorum

339 3795 487 3878 regulus,
528 3800 561 3858 et
592 3791 793 3857 Putrintolus
827 3788 892 3855 dux
926 3797 1112 3875 praeerant,
1153 3790 1194 3856 ab
1228 3791 1374 3857 hostibus
1410 3793 1619 3860 vehementer
1654 3814 1786 3880 pressus
1823 3799 1966 3865 lababat.

424 4126 482 4189 206)
505 4127 561 4176 Cor.
581 4126 633 4175 leb.
654 4126 702 4175 vll
720 4124 866 4176 296-310.

425 4218 483 4283 toi)
504 4220 559 4270 Cor.
581 4221 633 4269 iob.
655 4217 1034 4269 v11370-373.391-39³.

424 4313 482 4377 208)
505 4315 559 4364 Cor.
578 4315 632 4364 lolr.
654 4315 715 4362 vl11
733 4313 777 4365 to.

424 4405 484 4468 209)
504 4406 559 4457 Cor,
579 4407 634 4457 lob.
655 4408 716 4456 vm
735 4406 778 4457 39.
804 4406 916 4455 Tauxier
934 4407 995 4456 Rev.
1010 4406 1066 4454 Afr.
1081 4405 1130 4453 XX
1145 4404 1210 4455 1876
1228 4420 1254 4467 p.
1270 4404 1320 4455 298
1338 4406 1370 4454 ils
1389 4420 1416 4456 se
1433 4406 1550 4457 httsreut
1567 4409 1599 4459 de
1616 4410 1747 4474 decemper
1765 4417 1791 4461 et
1809 4412 1840 4461 ds
1859 4427 1886 4462 se
1900 4416 1969 4474 ieter

336 4494 400 4542 dana
417 4494 442 4542 le
460 4492 551 4542 massii
567 4494 611 4555 qul
627 4493 706 4542 borda
723 4507 756 4541 au
775 4492 823 4541 sud
840 4493 865 4541 la
883 4492 1056 4553 Trlpolitalus.
1076 4490 1183 4538 -Non
1201 4493 1229 4538 in
1248 4491 1611 4555 inportunamprovmaiam,
1639 4495 1684 4544 ssd
1707 4497 1734 4545 iu
1752 4496 1850 4556 Byzacli
1868 4504 1967 4548 tantum

336 4583 432 4640 partem
450 4585 589 4626 extremam
607 4578 805 4640 meridionalem,
826 4579 854 4625 in
874 4584 971 4625 montes
989 4578 1093 4624 forsitan
1111 4576 1223 4624 ‘l'ritouis
1240 4577 1305 4625 laeui
1322 4578 1429 4637 viciuos,
1448 4577 1549 4627 Mauros
1565 4581 1701 4630 recessisse
1718 4582 1778 4631 iude
1795 4586 1965 4647 consequitur,

336 4665 401 4726 quod
411 4677 504 4726 pugna,
515 4677 566 4726 qua
573 4664 657 4726 paullo
666 4671 722 4726 post
731 4663 855 4712 lohannes
864 4663 963 4711 Mauros
973 4662 1004 4711 ad
1012 4662 1212 4710 internecionem
1222 4663 1290 4724 risit,
1306 4664 1333 4711 ln
1343 4663 1447 4721 Byzacio
1456 4664 1587 4713 commissa
1595 4672 1644 4714 ast.
1664 4666 1696 4715 ci.
1707 4667 1761 4718 lolr.
1773 4670 1810 4717 Vl
1821 4668 1966 4720 tel-res.

422 4755 481 4819 210)
502 4755 558 4807 Cer.
578 4757 630 4806 Iob.
651 4758 713 4806 Vlli
731 4755 843 4806 26-31.
864 4754 977 4804 11-18.
1014 4754 1064 4803 Vbi
1081 4760 1168 4817 portus
1187 4756 1317 4816 Lariscus,
1337 4769 1386 4819 que
1404 4770 1480 4806 nares
1498 4758 1674 4808 frumentarias
1692 4763 1825 4811 convenire
1842 4761 1967 4812 Iohannes
2034 4797 2036 4802 ι

334 4843 419 4902 iussit,
439 4843 504 4891 situs
521 4843 607 4902 luerit,
627 4843 777 4901 ignoramus.

423 4932 837 4996 mmmmmm

425 5025 792 5091 mmmmm

422 5118 1038 5182 rmmmmmmmmm

422 5214 481 5277 211)
503 5215 559 5265 Gor.
579 5215 633 5264 leh.
653 5215 715 5263 VIII
736 5213 794 5264 tot.
816 5214 874 5263 166.
911 5215 962 5263 Vbi
980 5213 1078 5262 inerint
1095 5216 1176 5276 campi
1195 5214 1297 5266 Catonis
1315 5222 1342 5264 et
1360 5216 1428 5265 uude
1445 5229 1535 5266 nomen
1554 5216 1682 5281 duxerint,
1706 5219 1803 5267 nescire
1821 5234 1859 5268 ms
1877 5222 1964 5270 fateor.

335 5304 390 5352 Non
407 5314 486 5364 propo
503 5301 602 5349 Vticam
626 5300 706 5349 luisse
723 5325 759 5337 —
776 5300 803 5348 id
827 5301 892 5361 quod
910 5299 1119 5349 Muzuccbslliua
1144 5301 1286 5365 suspicatus
1309 5307 1401 5349 est-
1418 5301 1461 5350 ssd
1479 5303 1508 5350 in
1526 5301 1632 5361 Byzacio
1649 5304 1769 5353 lutsriors
1786 5310 1892 5354 constat.
1929 5307 1965 5355 cl.

333 5386 386 5436 lob.
406 5387 443 5434 Vl
463 5383 608 5435 181-181.

420 5478 479 5541 215)
501 5478 556 5528 Cer.
576 5479 628 5528 leb.
650 5478 713 5527 VllI
734 5476 878 5527 lot-lte.

420 5571 479 5633 216)
501 5570 555 5620 Gor.
575 5571 629 5620 lob,
648 5571 710 5619 Vlll
728 5569 875 5621 225-230.
913 5583 990 5618 versu
1009 5568 1059 5620 229
1266 5572 1421 5620 committere
1438 5585 1548 5635 pugnam

865 5657 958 5704 vicinis
976 5657 1050 5705 ltceat
1068 5657 1177 5705 terrenti
1195 5656 1269 5705 caeds
1287 5657 1395 5706 Latarls.
1597 5650 1600 5654 “

333 5744 389 5805 loci,
411 5756 460 5805 quo
477 5747 617 5806 pugnatum
635 5742 677 5802 sit,
699 5754 790 5790 nomen
809 5742 973 5805 scriptoribus
991 5743 1080 5791 aeteus
1099 5754 1148 5790 non
1166 5749 1254 5791 notum
1272 5741 1395 5805 corippus
1412 5741 1544 5792 tradidisse
1561 5742 1673 5793 videtur.
1755 5756 1757 5759 ·

420 5835 479 5893 217)
501 5835 555 5886 Gor.
576 5836 629 5885 loh.
649 5835 710 5885 Vlll
727 5834 787 5885 214.
808 5833 954 5886 254-th.
1413 5854 1416 5859 ⁴
