5030 6734
1291 553 1438 608 CORIPPI

939 742 1042 807 omnis
1063 742 1169 807 amica
1190 760 1316 807 manus.
1363 741 1452 807 flevit
1472 749 1548 807 tunc
1570 741 1670 805 tristis
1691 750 1798 805 arator
1936 800 1949 829 ‚

938 842 1113 909 disiunctos
1136 843 1265 927 fugiens
1286 844 1396 909 hostes
1419 844 1566 927 rapuisse
1588 843 1752 908 iuvencos.

936 953 1013 1011 tunc
1035 966 1145 1012 omnes
1167 946 1292 1031 periers
1314 946 1444 1026 domus,
1469 953 1547 1012 tunc
1568 952 1683 1011 cuncta
1705 945 1863 1030 supellex.

936 1069 997 1114 nec
1018 1049 1107 1114 solus
1129 1069 1253 1134 pauper
1275 1069 1351 1115 casu
1374 1067 1548 1115 concussus
1569 1048 1604 1114 in
1625 1048 1682 1113 illo

936 1152 1113 1217 succubuit.
1161 1151 1252 1217 dives
1276 1152 1395 1236 pariter
1417 1172 1489 1217 cum
1511 1170 1653 1236 paupere
1675 1168 1810 1216 mersus.

934 1261 1008 1340 post
1029 1254 1210 1321 Solomonis
1232 1273 1310 1340 opes
1332 1254 1464 1321 libertas
1487 1254 1574 1319 iacta
1594 1254 1734 1338 rapinis,

934 1378 995 1423 nec
1016 1377 1091 1443 pars
1114 1358 1182 1424 ulla
1204 1358 1266 1424 luit
1286 1358 1365 1424 belli
1387 1378 1501 1423 secura
1522 1357 1668 1441 maligni.

934 1467 1042 1545 raptor
1064 1461 1183 1544 ubique
1205 1460 1314 1526 furens
1337 1461 1432 1525 nrbes
1455 1460 1620 1526 succendit
1642 1467 1675 1524 et
1695 1476 1800 1543 agros.

933 1583 994 1629 nec
1015 1583 1111 1648 seges
1133 1570 1189 1629 aut
1209 1564 1320 1646 arbor,
1349 1562 1490 1646 flagrans
1512 1583 1596 1645 quae
1618 1562 1752 1629 solvitur
1772 1563 1866 1646 igne,

934 1666 1004 1731 sola
1025 1666 1117 1750 perit.
1166 1685 1249 1749 quae
1272 1671 1363 1750 peste
1386 1672 1511 1745 carent,
1538 1671 1683 1732 armenta
1703 1665 1840 1751 peredit.

932 1769 1036 1833 omnis
1058 1774 1090 1834 et
1111 1789 1131 1833 a
1154 1767 1292 1834 dominis
1315 1768 1439 1833 calcata
1461 1776 1511 1833 est
1532 1766 1642 1833 Africa
1663 1767 1794 1833 Mauris.

931 1892 988 1956 pro
1012 1871 1118 1937 dolor!
1166 1871 1201 1936 in
1224 1871 1346 1955 campis
1369 1871 1457 1936 acies
1475 1870 1540 1935 iam
1562 1870 1677 1937 sistere
1698 1870 1805 1953 nulla,

930 1995 991 2040 nec
1012 1974 1115 2059 potnit
1136 1974 1263 2040 clausos
1285 1973 1378 2039 miles
1402 1973 1576 2039 defendere
1598 1993 1717 2039 muros.
1814 2021 1820 2029 -

929 2078 1089 2144 irascente
1111 2077 1172 2143 deo
1193 2077 1362 2142 traduntur
1382 2083 1497 2142 cuncta
1518 2075 1650 2161 rapinis.

931 2181 1072 2266 perfidus
1095 2188 1127 2247 et
1148 2181 1270 2247 Stutias
1291 2180 1406 2246 itemm
1428 2201 1486 2265 per
1506 2180 1594 2246 bella
1616 2179 1755 2246 cucurrit

931 2283 1051 2349 Antala
1072 2283 1257 2349 dominante
1280 2302 1355 2365 suo,
1381 2283 1560 2365 meruitque
1582 2289 1738 2366 tyrannus

930 2387 1037 2452 omnia
1058 2388 1118 2453 sub
1141 2388 1268 2453 domino
1290 2385 1450 2471 praedans
1473 2386 1651 2452 discurrere
1673 2387 1796 2451 Mauro.

1202 2582 1509 2591 -.——--———.

769 2792 928 2890 LIBER
959 2791 1216 2891 QVARTVS
1247 2790 1317 2888 dl
1349 2787 1590 2887 QVINTVS
1632 2788 1938 2914 (QVARTVS).

1011 3005 1096 3070 Dum
1119 3005 1226 3089 placet
1246 3001 1373 3068 infandi
1395 3021 1511 3068 nomen
1533 3022 1709 3069 memorare
1731 3003 1877 3087 tyranni,

924 3108 1029 3191 surgit
1049 3108 1091 3172 ab
1113 3107 1266 3189 internis,
1293 3106 1485 3171 conturbans
1508 3124 1600 3190 ossa,
1626 3106 1779 3172 medullis

924 3210 1033 3275 durior
1054 3229 1130 3276 ecee
1154 3209 1253 3275 dolor.
1301 3208 1436 3274 confusa
1458 3215 1564 3274 mente
1586 3209 1731 3275 retardor

923 3320 970 3379 tot
990 3313 1101 3379 clades
1123 3331 1300 3379 memorare
1322 3311 1439 3377 ducum
1462 3330 1619 3395 casusque
1641 3332 1783 3378 meorum

923 3424 1020 3499 atque
1043 3434 1141 3482 meos.
1190 3416 1284 3481 miles
1306 3414 1449 3499 trepidos
1471 3436 1535 3480 non
1556 3415 1641 3481 fidus
1663 3415 1775 3499 adegit

922 3518 1051 3585 tradere
1074 3519 1168 3603 signa
1189 3518 1295 3584 malis.
1343 3518 1475 3602 longum
1499 3524 1548 3583 est
1569 3536 1700 3584 narrare
1722 3518 1857 3583 ruinam.

923 3622 982 3687 sed
1004 3642 1176 3688 memorem
1198 3621 1294 3687 certis
1315 3621 1473 3686 bellorum
1496 3620 1629 3686 crimina
1651 3620 1788 3722 verbis3<

1009 3724 1075 3790 dux
1098 3731 1167 3789 erat
1189 3725 1342 3789 obsessae
1364 3729 1508 3789 servator
1530 3723 1692 3789 Himerius
1715 3724 1819 3805 urbis,

921 3827 1048 3894 moenia
1070 3828 1182 3893 clausa
1204 3833 1298 3892 tuens
1320 3833 1353 3892 et
1375 3826 1479 3892 celsas
1501 3826 1602 3893 milite
1624 3833 1736 3892 turres.

921 3950 940 3996 e
962 3927 1078 3996 mediis
1100 3930 1235 3995 miseros
1257 3930 1355 3996 traxit
1376 3929 1509 3995 fallacia
1531 3928 1630 3994 muris

920 4040 953 4099 et
974 4033 1095 4098 Mauris
1118 4032 1238 4098 servire
1261 4031 1358 4097 dedit.
1406 4051 1545 4113 namque
1568 4032 1646 4098 urbe
1669 4032 1794 4099 sedenti

919 4135 1068 4200 blandior
1088 4133 1230 4199 infausto
1251 4133 1422 4199 mandatur
1444 4133 1585 4217 epistula
1606 4154 1716 4215 versu,

920 4237 1048 4304 nomine
1071 4237 1190 4323 scripta
1213 4236 1320 4319 ducis,
1346 4237 1502 4320 milesque
1526 4236 1677 4302 Sinonius
1698 4237 1821 4303 intrans

722 4380 728 4389 ·
827 4398 831 4407 .
919 4360 992 4408 esse
1013 4324 1167 4406 Iohiimis
1188 4340 1243 4405 ait.
1291 4339 1429 4423 legimus
1451 4340 1605 4405 mandata
1624 4340 1753 4424 tyranni

918 4443 1088 4509 credentes
1110 4443 1263 4508 mandata
1285 4442 1387 4507 ducis.
1422 4444 1492 4507 'nos
1515 4462 1614 4528 saepe
1637 4444 1806 4527 perillam

917 4547 1063 4611 hortatur
1084 4544 1217 4627 mediis,
1244 4565 1302 4611 ceu
1325 4544 1407 4626 dux,
1434 4565 1599 4611 occurrere
1622 4546 1743 4630 campis

917 4656 950 4715 et
971 4649 1091 4733 pariter
1113 4667 1242 4733 sparsas
1265 4648 1446 4713 Maurorum
1470 4655 1613 4714 evertere
1636 4649 1750 4714 fossas.

917 4751 1067 4817 attollunt
1087 4751 1212 4816 animos
1235 4751 1368 4817 confusa
1390 4758 1497 4818 mente
1519 4751 1648 4817 tribuni.

916 4854 1009 4938 signa
1031 4852 1192 4919 movenda
1214 4853 1339 4919 damus.
1386 4854 1485 4920 tacita
1507 4854 1650 4919 velocius
1672 4874 1751 4920 aura

916 4956 1080 5039 egreditur
1103 4957 1169 5022 dux
1190 4957 1261 5042 ipse
1284 4957 1397 5039 simul,
1423 4957 1591 5039 noctisque
1614 4977 1672 5041 per
1693 4958 1838 5022 umbram

916 5060 1012 5125 currit
1033 5079 1130 5143 eques
1153 5060 1249 5126 sociis
1271 5060 1407 5126 festinus
1428 5060 1562 5143 iungere
1584 5058 1694 5143 signa,

915 5181 1014 5245 seque
1036 5170 1150 5247 putant
1170 5163 1317 5228 tardasse
1339 5163 1412 5227 viri.
1458 5169 1534 5227 tunc
1555 5168 1631 5227 ante
1653 5162 1792 5228 cucurrit

914 5264 1034 5350 impius
1057 5265 1114 5330 ille
1137 5265 1254 5349 Sinon,
1279 5272 1456 5350 gentesque
1479 5265 1633 5347 dolosque
1654 5264 1791 5350 paravit.

1901 3699 1920 3736 7(
1952 3694 2117 3753 lidri.*⁴rr‘
2149 3722 2159 3745 ¹.
2192 3708 2238 3779 §dp

594 5505 646 5556 446
664 5508 791 5569 perereT
894 5507 945 5558 448
963 5510 1057 5571 pariter
1074 5508 1164 5569 Musa,
1184 5507 1320 5568 pauperT
1423 5507 1474 5557 449
1492 5507 1618 5556 libertal'
1723 5509 1772 5558 litt
1791 5510 1912 5559 secutal'
2014 5509 2065 5559 453
2084 5516 2153 5558 earet

523 5596 635 5640 umente
652 5605 698 5652 per
715 5593 779 5641 eden
799 5593 820 5639 Τ

597 5676 606 5724 1
628 5677 688 5725 dum
706 5677 787 5738 placet
805 5677 894 5740 Mass,
920 5678 1006 5727 ductor
1023 5681 1089 5728 lacet
1109 5680 1130 5725 Τ
1251 5678 1265 5725 5
1285 5679 1361 5726 milex
1379 5679 1492 5740 trepidus
1516 5681 1536 5727 T
1656 5682 1805 5730 §obsessae
1823 5681 1908 5745 Betis„
1927 5684 2038 5731 obaesus
2059 5682 2086 5740 Τ,
2105 5682 2151 5729 ob-

524 5776 609 5810 sessus
623 5760 701 5812 Maza.
762 5760 931 5813 'imeriusi'
1020 5764 1047 5813 ll
1070 5766 1129 5814 urbe
1141 5766 1235 5825 sculpat,
1256 5766 1349 5812 urblT
1435 5765 1465 5814 15
1485 5780 1559 5828 saepe
1574 5766 1600 5826 Τ,
1621 5780 1712 5830 nempe
1724 5765 1841 5815 dubitans
1852 5767 1928 5816 Besa.
2021 5767 2051 5816 16
2069 5768 2150 5816 ssuT

525 5845 556 5896 18
574 5856 600 5894 at
617 5848 711 5895 tollunt
733 5847 754 5893 T
857 5846 889 5897 19
906 5850 961 5896 surl
981 5850 1002 5898 Τ
1102 5849 1135 5899 23
1153 5851 1253 5914 parsuli
1272 5849 1361 5916 Musa,
1381 5853 1482 5917 putauit
1504 5853 1525 5902 Τ
