<?xml version="1.0" encoding="UTF-8"?>
<!DOCTYPE html PUBLIC "-//W3C//DTD XHTML 1.0 Transitional//EN"
    "http://www.w3.org/TR/xhtml1/DTD/xhtml1-transitional.dtd">
<html xmlns="http://www.w3.org/1999/xhtml" xml:lang="en" lang="en">
 <head>
  <title>
</title>
<meta http-equiv="Content-Type" content="text/html;charset=utf-8" />
  <meta name='ocr-system' content='tesseract 3.04.00' />
  <meta name='ocr-capabilities' content='ocr_page ocr_carea ocr_par ocr_line ocrx_word'/>
</head>
<body>
  <div class='ocr_page' id='page_1' title='image "./corippiafricani00partgoog_0041.png"; bbox 0 0 5042 6726; ppageno 0'>
   <div class='ocr_carea' id='block_1_1' title="bbox 522 530 1457 605">
    <p class='ocr_par' dir='ltr' id='par_1_1' title="bbox 522 530 1457 605">
     <span class='ocr_line' id='line_1_1' title="bbox 522 530 1457 605; baseline -0.021 0"><span class='ocrx_word' id='word_1_1' title='bbox 522 537 665 605; x_wconf 81' lang='lat' dir='ltr'><strong>xxxlv</strong></span> <span class='ocrx_word' id='word_1_2' title='bbox 1228 530 1457 587; x_wconf 82' lang='lat' dir='ltr'><strong>ruoouurvu.</strong></span> 
     </span>
    </p>
   </div>
   <div class='ocr_carea' id='block_1_2' title="bbox 527 749 2161 1080">
    <p class='ocr_par' dir='ltr' id='par_1_2' title="bbox 527 749 2161 1080">
     <span class='ocr_line' id='line_1_2' title="bbox 527 749 2157 841; baseline -0.009 -14"><span class='ocrx_word' id='word_1_3' title='bbox 527 760 654 827; x_wconf 84' lang='lat' dir='ltr'><strong>codices</strong></span> <span class='ocrx_word' id='word_1_4' title='bbox 676 764 808 837; x_wconf 87' lang='lat' dir='ltr'><strong>nutant,</strong></span> <span class='ocrx_word' id='word_1_5' title='bbox 840 776 973 841; x_wconf 89' lang='lat' dir='ltr'><strong>quorum</strong></span> <span class='ocrx_word' id='word_1_6' title='bbox 995 755 1052 820; x_wconf 86' lang='lat' dir='ltr'><strong>alii</strong></span> <span class='ocrx_word' id='word_1_7' title='bbox 1075 756 1244 836; x_wconf 86' lang='lat' dir='ltr'><strong>Vinoense,</strong></span> <span class='ocrx_word' id='word_1_8' title='bbox 1270 754 1327 818; x_wconf 92' lang='lat' dir='ltr'><strong>alii</strong></span> <span class='ocrx_word' id='word_1_9' title='bbox 1349 754 1545 835; x_wconf 87' lang='lat' dir='ltr'><strong>Vivecense,</strong></span> <span class='ocrx_word' id='word_1_10' title='bbox 1570 753 1628 817; x_wconf 87' lang='lat' dir='ltr'><strong>alii</strong></span> <span class='ocrx_word' id='word_1_11' title='bbox 1650 751 1807 816; x_wconf 88' lang='lat' dir='ltr'><strong>Iuneense</strong></span> <span class='ocrx_word' id='word_1_12' title='bbox 1829 751 1906 815; x_wconf 88' lang='lat' dir='ltr'><strong>litus</strong></span> <span class='ocrx_word' id='word_1_13' title='bbox 1928 749 2157 831; x_wconf 77' lang='lat' dir='ltr'><strong>exhibent¹⁸²).</strong></span> 
     </span>
     <span class='ocr_line' id='line_1_3' title="bbox 528 869 2161 962; baseline -0.006 -19"><span class='ocrx_word' id='word_1_14' title='bbox 528 877 620 943; x_wconf 89' lang='lat' dir='ltr'><strong>Alios</strong></span> <span class='ocrx_word' id='word_1_15' title='bbox 642 876 729 962; x_wconf 92' lang='lat' dir='ltr'><strong>apud</strong></span> <span class='ocrx_word' id='word_1_16' title='bbox 752 876 924 961; x_wconf 76' lang='lat' dir='ltr'><strong>scriptores</strong></span> <span class='ocrx_word' id='word_1_17' title='bbox 946 874 1057 960; x_wconf 84' lang='lat' dir='ltr'><strong>oppidi</strong></span> <span class='ocrx_word' id='word_1_18' title='bbox 1079 873 1248 939; x_wconf 78' lang='lat' dir='ltr'>vincensis</span> <span class='ocrx_word' id='word_1_19' title='bbox 1270 872 1441 955; x_wconf 85' lang='lat' dir='ltr'><strong>vestigium</strong></span> <span class='ocrx_word' id='word_1_20' title='bbox 1465 879 1585 937; x_wconf 87' lang='lat' dir='ltr'><strong>certum</strong></span> <span class='ocrx_word' id='word_1_21' title='bbox 1612 871 1754 953; x_wconf 87' lang='lat' dir='ltr'><strong>nullum,</strong></span> <span class='ocrx_word' id='word_1_22' title='bbox 1787 869 1927 952; x_wconf 80' lang='lat' dir='ltr'><strong>vestigia</strong></span> <span class='ocrx_word' id='word_1_23' title='bbox 1953 876 2059 934; x_wconf 88' lang='lat' dir='ltr'><strong>autem</strong></span> <span class='ocrx_word' id='word_1_24' title='bbox 2091 888 2161 934; x_wconf 89' lang='lat' dir='ltr'><strong>eer-</strong></span> 
     </span>
     <span class='ocr_line' id='line_1_4' title="bbox 528 988 2161 1080; baseline -0.005 -19"><span class='ocrx_word' id='word_1_25' title='bbox 528 997 654 1061; x_wconf 89' lang='lat' dir='ltr'><strong>tissima</strong></span> <span class='ocrx_word' id='word_1_26' title='bbox 676 994 787 1080; x_wconf 84' lang='lat' dir='ltr'><strong>oppidi</strong></span> <span class='ocrx_word' id='word_1_27' title='bbox 809 994 977 1060; x_wconf 90' lang='lat' dir='ltr'><strong>Iuncensis</strong></span> <span class='ocrx_word' id='word_1_28' title='bbox 999 992 1126 1073; x_wconf 87' lang='lat' dir='ltr'><strong>inveni,</strong></span> <span class='ocrx_word' id='word_1_29' title='bbox 1152 992 1238 1076; x_wconf 89' lang='lat' dir='ltr'><strong>quod</strong></span> <span class='ocrx_word' id='word_1_30' title='bbox 1260 1012 1324 1057; x_wconf 93' lang='lat' dir='ltr'><strong>non</strong></span> <span class='ocrx_word' id='word_1_31' title='bbox 1346 991 1440 1056; x_wconf 91' lang='lat' dir='ltr'><strong>modo</strong></span> <span class='ocrx_word' id='word_1_32' title='bbox 1463 991 1592 1075; x_wconf 87' lang='lat' dir='ltr'><strong>seriptis</strong></span> <span class='ocrx_word' id='word_1_33' title='bbox 1613 989 1842 1056; x_wconf 83' lang='lat' dir='ltr'><strong>ecclesiasticis</strong></span> <span class='ocrx_word' id='word_1_34' title='bbox 1865 989 2069 1067; x_wconf 70' lang='lat' dir='ltr'><strong>Latinis183l,</strong></span> <span class='ocrx_word' id='word_1_35' title='bbox 2102 988 2161 1053; x_wconf 91' lang='lat' dir='ltr'><strong>sed</strong></span> 
     </span>
    </p>
   </div>
   <div class='ocr_carea' id='block_1_3' title="bbox 425 1106 2161 1199">
    <p class='ocr_par' dir='ltr' id='par_1_3' title="bbox 425 1106 2161 1199">
     <span class='ocr_line' id='line_1_5' title="bbox 425 1106 2161 1199; baseline -0.005 -18"><span class='ocrx_word' id='word_1_36' title='bbox 425 1131 434 1139; x_wconf 79' lang='grc'><em>·</em></span> <span class='ocrx_word' id='word_1_37' title='bbox 530 1115 708 1180; x_wconf 86' lang='lat' dir='ltr'><strong>aGraeeis</strong></span> <span class='ocrx_word' id='word_1_38' title='bbox 731 1113 827 1180; x_wconf 89' lang='lat' dir='ltr'><strong>etiam</strong></span> <span class='ocrx_word' id='word_1_39' title='bbox 850 1112 1059 1199; x_wconf 80' lang='lat' dir='ltr'><strong>scriptoribus</strong></span> <span class='ocrx_word' id='word_1_40' title='bbox 1079 1119 1291 1189; x_wconf 86' lang='lat' dir='ltr'><strong>memoratur,</strong></span> <span class='ocrx_word' id='word_1_41' title='bbox 1324 1111 1379 1193; x_wconf 91' lang='lat' dir='ltr'><strong>qui</strong></span> <span class='ocrx_word' id='word_1_42' title='bbox 1409 1111 1586 1176; x_wconf 90' lang='lat' dir='ltr'><strong>litterarum</strong></span> <span class='ocrx_word' id='word_1_43' title='bbox 1608 1109 1790 1175; x_wconf 86' lang='lat' dir='ltr'><strong>confusioni</strong></span> <span class='ocrx_word' id='word_1_44' title='bbox 1811 1108 1861 1174; x_wconf 94' lang='lat' dir='ltr'><strong>illi</strong></span> <span class='ocrx_word' id='word_1_45' title='bbox 1887 1108 1930 1191; x_wconf 81' lang='lat' dir='ltr'><strong>(iu</strong></span> <span class='ocrx_word' id='word_1_46' title='bbox 1944 1137 1988 1162; x_wconf 93' lang='lat'><strong><em>=</em></strong></span> <span class='ocrx_word' id='word_1_47' title='bbox 2002 1107 2043 1189; x_wconf 89' lang='lat' dir='ltr'><strong>ui)</strong></span> <span class='ocrx_word' id='word_1_48' title='bbox 2071 1106 2161 1173; x_wconf 92' lang='lat' dir='ltr'><strong>haud</strong></span> 
     </span>
    </p>
   </div>
   <div class='ocr_carea' id='block_1_4' title="bbox 529 1226 2163 4293">
    <p class='ocr_par' dir='ltr' id='par_1_4' title="bbox 529 1226 2163 4293">
     <span class='ocr_line' id='line_1_6' title="bbox 530 1226 2162 1317; baseline -0.004 -17"><span class='ocrx_word' id='word_1_49' title='bbox 530 1234 661 1300; x_wconf 82' lang='lat' dir='ltr'><strong>obnoxii</strong></span> <span class='ocrx_word' id='word_1_50' title='bbox 688 1252 806 1299; x_wconf 90' lang='lat' dir='ltr'><strong>nomen</strong></span> <span class='ocrx_word' id='word_1_51' title='bbox 832 1228 933 1317; x_wconf 74' lang='lat' dir='ltr'><strong>&#39;ludaq</strong></span> <span class='ocrx_word' id='word_1_52' title='bbox 963 1233 1016 1297; x_wconf 92' lang='lat' dir='ltr'><strong>vel</strong></span> <span class='ocrx_word' id='word_1_53' title='bbox 1042 1227 1162 1315; x_wconf 63' lang='lat' dir='ltr'><strong>&#39;lod-paq</strong></span> <span class='ocrx_word' id='word_1_54' title='bbox 1194 1230 1309 1295; x_wconf 93' lang='lat' dir='ltr'><strong>melius</strong></span> <span class='ocrx_word' id='word_1_55' title='bbox 1338 1233 1618 1311; x_wconf 71' lang='lat' dir='ltr'><strong>servaveruntissil.</strong></span> <span class='ocrx_word' id='word_1_56' title='bbox 1667 1228 1716 1294; x_wconf 93' lang='lat' dir='ltr'><strong>De</strong></span> <span class='ocrx_word' id='word_1_57' title='bbox 1746 1228 1808 1294; x_wconf 91' lang='lat' dir='ltr'><strong>situ</strong></span> <span class='ocrx_word' id='word_1_58' title='bbox 1835 1226 1945 1312; x_wconf 87' lang='lat' dir='ltr'><strong>oppidi</strong></span> <span class='ocrx_word' id='word_1_59' title='bbox 1966 1227 2062 1292; x_wconf 91' lang='lat' dir='ltr'><strong>buius</strong></span> <span class='ocrx_word' id='word_1_60' title='bbox 2083 1229 2162 1293; x_wconf 92' lang='lat' dir='ltr'><strong>Iun-</strong></span> 
     </span>
     <span class='ocr_line' id='line_1_7' title="bbox 529 1347 2161 1436; baseline -0.004 -17"><span class='ocrx_word' id='word_1_61' title='bbox 529 1354 636 1420; x_wconf 88' lang='lat' dir='ltr'><strong>censis</strong></span> <span class='ocrx_word' id='word_1_62' title='bbox 657 1351 735 1436; x_wconf 91' lang='lat' dir='ltr'><strong>quid</strong></span> <span class='ocrx_word' id='word_1_63' title='bbox 756 1359 883 1419; x_wconf 90' lang='lat' dir='ltr'><strong>veteres</strong></span> <span class='ocrx_word' id='word_1_64' title='bbox 904 1349 1113 1433; x_wconf 80' lang='lat' dir='ltr'><strong>tradiderint,</strong></span> <span class='ocrx_word' id='word_1_65' title='bbox 1144 1349 1306 1431; x_wconf 85' lang='lat' dir='ltr'><strong>indagans</strong></span> <span class='ocrx_word' id='word_1_66' title='bbox 1336 1368 1408 1413; x_wconf 91' lang='lat' dir='ltr'><strong>eum</strong></span> <span class='ocrx_word' id='word_1_67' title='bbox 1437 1349 1470 1413; x_wconf 95' lang='lat' dir='ltr'><strong>in</strong></span> <span class='ocrx_word' id='word_1_68' title='bbox 1493 1348 1621 1432; x_wconf 87' lang='lat' dir='ltr'><strong>scriptis</strong></span> <span class='ocrx_word' id='word_1_69' title='bbox 1643 1347 1870 1414; x_wconf 87' lang='lat' dir='ltr'><strong>ecclesiasticis</strong></span> <span class='ocrx_word' id='word_1_70' title='bbox 1891 1347 2095 1431; x_wconf 86' lang='lat' dir='ltr'><strong>Byzacenam</strong></span> <span class='ocrx_word' id='word_1_71' title='bbox 2118 1348 2161 1412; x_wconf 85' lang='lat' dir='ltr'><strong>ad</strong></span> 
     </span>
     <span class='ocr_line' id='line_1_8' title="bbox 531 1466 2161 1558; baseline -0.004 -21"><span class='ocrx_word' id='word_1_72' title='bbox 531 1472 728 1558; x_wconf 82' lang='lat' dir='ltr'><strong>provinciam</strong></span> <span class='ocrx_word' id='word_1_73' title='bbox 756 1470 949 1556; x_wconf 75' lang='lat' dir='ltr'><strong>pertinuisse</strong></span> <span class='ocrx_word' id='word_1_74' title='bbox 978 1469 1106 1550; x_wconf 87' lang='lat' dir='ltr'><strong>inveni,</strong></span> <span class='ocrx_word' id='word_1_75' title='bbox 1138 1476 1206 1532; x_wconf 90' lang='lat' dir='ltr'><strong>tum</strong></span> <span class='ocrx_word' id='word_1_76' title='bbox 1234 1467 1382 1551; x_wconf 84' lang='lat' dir='ltr'><strong>Procopii</strong></span> <span class='ocrx_word' id='word_1_77' title='bbox 1412 1488 1430 1532; x_wconf 92' lang='lat' dir='ltr'><strong>e</strong></span> <span class='ocrx_word' id='word_1_78' title='bbox 1460 1468 1529 1532; x_wconf 92' lang='lat' dir='ltr'><strong>loeo</strong></span> <span class='ocrx_word' id='word_1_79' title='bbox 1554 1472 1678 1533; x_wconf 90' lang='lat' dir='ltr'><strong>tantum</strong></span> <span class='ocrx_word' id='word_1_80' title='bbox 1709 1466 1841 1550; x_wconf 81' lang='lat' dir='ltr'><strong>collegi,</strong></span> <span class='ocrx_word' id='word_1_81' title='bbox 1875 1466 2028 1550; x_wconf 90' lang='lat' dir='ltr'><strong>oppidum</strong></span> <span class='ocrx_word' id='word_1_82' title='bbox 2059 1466 2161 1532; x_wconf 86' lang='lat' dir='ltr'><strong>fuisse</strong></span> 
     </span>
     <span class='ocr_line' id='line_1_9' title="bbox 530 1584 2162 1673; baseline -0.004 -17"><span class='ocrx_word' id='word_1_83' title='bbox 530 1591 726 1659; x_wconf 87' lang='lat' dir='ltr'><strong>maritimum</strong></span> <span class='ocrx_word' id='word_1_84' title='bbox 748 1590 879 1673; x_wconf 79' lang='lat' dir='ltr'><strong>Byzacii</strong></span> <span class='ocrx_word' id='word_1_85' title='bbox 907 1588 1144 1667; x_wconf 86' lang='lat' dir='ltr'><strong>meridionalis,</strong></span> <span class='ocrx_word' id='word_1_86' title='bbox 1177 1586 1262 1670; x_wconf 89' lang='lat' dir='ltr'><strong>quud</strong></span> <span class='ocrx_word' id='word_1_87' title='bbox 1292 1607 1312 1651; x_wconf 89' lang='lat' dir='ltr'><strong>a</strong></span> <span class='ocrx_word' id='word_1_88' title='bbox 1333 1586 1547 1671; x_wconf 88' lang='lat' dir='ltr'><strong>promontorio</strong></span> <span class='ocrx_word' id='word_1_89' title='bbox 1568 1585 1692 1671; x_wconf 80' lang='lat' dir='ltr'><strong>Capitis</strong></span> <span class='ocrx_word' id='word_1_90' title='bbox 1714 1585 1876 1653; x_wconf 90' lang='lat' dir='ltr'><strong>Vadorum</strong></span> <span class='ocrx_word' id='word_1_91' title='bbox 1898 1584 2065 1651; x_wconf 89' lang='lat' dir='ltr'><strong>meridiem</strong></span> <span class='ocrx_word' id='word_1_92' title='bbox 2087 1606 2162 1651; x_wconf 91' lang='lat' dir='ltr'><strong>ver-</strong></span> 
     </span>
     <span class='ocr_line' id='line_1_10' title="bbox 531 1704 2161 1794; baseline -0.004 -19"><span class='ocrx_word' id='word_1_93' title='bbox 531 1729 587 1775; x_wconf 91' lang='lat' dir='ltr'><strong>sus</strong></span> <span class='ocrx_word' id='word_1_94' title='bbox 615 1710 719 1794; x_wconf 90' lang='lat' dir='ltr'><strong>spatio</strong></span> <span class='ocrx_word' id='word_1_95' title='bbox 747 1709 836 1775; x_wconf 91' lang='lat' dir='ltr'><strong>haud</strong></span> <span class='ocrx_word' id='word_1_96' title='bbox 864 1728 964 1793; x_wconf 90' lang='lat' dir='ltr'><strong>parvo</strong></span> <span class='ocrx_word' id='word_1_97' title='bbox 994 1707 1128 1773; x_wconf 89' lang='lat' dir='ltr'><strong>distaret</strong></span> <span class='ocrx_word' id='word_1_98' title='bbox 1141 1707 1202 1787; x_wconf 70' lang='lat'><strong>¹⁸⁵).</strong></span> <span class='ocrx_word' id='word_1_99' title='bbox 1257 1707 1381 1771; x_wconf 83' lang='lat' dir='ltr'><strong>Tamen</strong></span> <span class='ocrx_word' id='word_1_100' title='bbox 1410 1706 1565 1790; x_wconf 92' lang='lat' dir='ltr'><strong>oppidum</strong></span> <span class='ocrx_word' id='word_1_101' title='bbox 1594 1706 1654 1771; x_wconf 92' lang='lat' dir='ltr'><strong>boc</strong></span> <span class='ocrx_word' id='word_1_102' title='bbox 1682 1705 1839 1771; x_wconf 90' lang='lat' dir='ltr'><strong>Iuneense</strong></span> <span class='ocrx_word' id='word_1_103' title='bbox 1868 1704 1970 1770; x_wconf 88' lang='lat' dir='ltr'><strong>lituris</strong></span> <span class='ocrx_word' id='word_1_104' title='bbox 1999 1705 2161 1788; x_wconf 85' lang='lat' dir='ltr'><strong>Byzaceni</strong></span> 
     </span>
     <span class='ocr_line' id='line_1_11' title="bbox 530 1823 2160 1913; baseline -0.004 -19"><span class='ocrx_word' id='word_1_105' title='bbox 530 1850 604 1894; x_wconf 88' lang='lat' dir='ltr'><strong>eum</strong></span> <span class='ocrx_word' id='word_1_106' title='bbox 627 1828 785 1913; x_wconf 80' lang='lat' dir='ltr'><strong>(iorippeo</strong></span> <span class='ocrx_word' id='word_1_107' title='bbox 813 1827 870 1893; x_wconf 93' lang='lat' dir='ltr'><strong>illo</strong></span> <span class='ocrx_word' id='word_1_108' title='bbox 898 1826 1016 1912; x_wconf 93' lang='lat' dir='ltr'><strong>oppido</strong></span> <span class='ocrx_word' id='word_1_109' title='bbox 1037 1825 1190 1891; x_wconf 89' lang='lat' dir='ltr'><strong>Vincensi</strong></span> <span class='ocrx_word' id='word_1_110' title='bbox 1220 1825 1273 1891; x_wconf 94' lang='lat' dir='ltr'><strong>vel</strong></span> <span class='ocrx_word' id='word_1_111' title='bbox 1295 1825 1445 1891; x_wconf 90' lang='lat' dir='ltr'><strong>Iuneensi</strong></span> <span class='ocrx_word' id='word_1_112' title='bbox 1475 1825 1589 1891; x_wconf 88' lang='lat' dir='ltr'><strong>eodem</strong></span> <span class='ocrx_word' id='word_1_113' title='bbox 1617 1826 1652 1890; x_wconf 92' lang='lat' dir='ltr'><strong>in</strong></span> <span class='ocrx_word' id='word_1_114' title='bbox 1673 1825 1764 1890; x_wconf 88' lang='lat' dir='ltr'><strong>litore</strong></span> <span class='ocrx_word' id='word_1_115' title='bbox 1788 1825 1848 1889; x_wconf 91' lang='lat' dir='ltr'><strong>sito</strong></span> <span class='ocrx_word' id='word_1_116' title='bbox 1870 1823 2067 1890; x_wconf 81' lang='lat' dir='ltr'><strong>confundere</strong></span> <span class='ocrx_word' id='word_1_117' title='bbox 2095 1844 2160 1889; x_wconf 93' lang='lat' dir='ltr'><strong>non</strong></span> 
     </span>
     <span class='ocr_line' id='line_1_12' title="bbox 531 1943 2161 2029; baseline -0.004 -16"><span class='ocrx_word' id='word_1_118' title='bbox 531 1947 701 2028; x_wconf 84' lang='lat' dir='ltr'><strong>auderem,</strong></span> <span class='ocrx_word' id='word_1_119' title='bbox 733 1946 797 2012; x_wconf 91' lang='lat' dir='ltr'><strong>nisi</strong></span> <span class='ocrx_word' id='word_1_120' title='bbox 826 1945 983 2012; x_wconf 83' lang='lat' dir='ltr'><strong>Ferrandi</strong></span> <span class='ocrx_word' id='word_1_121' title='bbox 1013 1945 1082 2010; x_wconf 91' lang='lat' dir='ltr'><strong>loeo</strong></span> <span class='ocrx_word' id='word_1_122' title='bbox 1111 1943 1293 2009; x_wconf 86' lang='lat' dir='ltr'><strong>accuratius</strong></span> <span class='ocrx_word' id='word_1_123' title='bbox 1323 1945 1522 2027; x_wconf 88' lang='lat' dir='ltr'><strong>examinato,</strong></span> <span class='ocrx_word' id='word_1_124' title='bbox 1554 1944 1611 2009; x_wconf 95' lang='lat' dir='ltr'><strong>ubi</strong></span> <span class='ocrx_word' id='word_1_125' title='bbox 1641 1944 1794 2029; x_wconf 90' lang='lat' dir='ltr'><strong>oppidum</strong></span> <span class='ocrx_word' id='word_1_126' title='bbox 1817 1944 1977 2009; x_wconf 89' lang='lat' dir='ltr'><strong>Vinoense</strong></span> <span class='ocrx_word' id='word_1_127' title='bbox 2005 1943 2056 2008; x_wconf 90' lang='lat' dir='ltr'><strong>vel</strong></span> <span class='ocrx_word' id='word_1_128' title='bbox 2082 1943 2161 2007; x_wconf 91' lang='lat' dir='ltr'><strong>qu-</strong></span> 
     </span>
     <span class='ocr_line' id='line_1_13' title="bbox 531 2062 2161 2146; baseline -0.003 -15"><span class='ocrx_word' id='word_1_129' title='bbox 531 2085 627 2132; x_wconf 89' lang='lat' dir='ltr'><strong>cense</strong></span> <span class='ocrx_word' id='word_1_130' title='bbox 656 2067 697 2130; x_wconf 89' lang='lat' dir='ltr'><strong>ab</strong></span> <span class='ocrx_word' id='word_1_131' title='bbox 728 2086 765 2131; x_wconf 94' lang='lat' dir='ltr'><strong>eo</strong></span> <span class='ocrx_word' id='word_1_132' title='bbox 794 2071 1006 2131; x_wconf 89' lang='lat' dir='ltr'><strong>memoratum</strong></span> <span class='ocrx_word' id='word_1_133' title='bbox 1034 2062 1148 2143; x_wconf 86' lang='lat' dir='ltr'><strong>fuerit,</strong></span> <span class='ocrx_word' id='word_1_134' title='bbox 1182 2071 1214 2129; x_wconf 90' lang='lat' dir='ltr'><strong>et</strong></span> <span class='ocrx_word' id='word_1_135' title='bbox 1242 2064 1328 2146; x_wconf 89' lang='lat' dir='ltr'><strong>qued</strong></span> <span class='ocrx_word' id='word_1_136' title='bbox 1356 2084 1440 2129; x_wconf 90' lang='lat' dir='ltr'><strong>nunc</strong></span> <span class='ocrx_word' id='word_1_137' title='bbox 1469 2064 1539 2131; x_wconf 89' lang='lat' dir='ltr'><strong>eius</strong></span> <span class='ocrx_word' id='word_1_138' title='bbox 1568 2063 1738 2129; x_wconf 87' lang='lat' dir='ltr'><strong>ruderibus</strong></span> <span class='ocrx_word' id='word_1_139' title='bbox 1768 2083 1883 2128; x_wconf 90' lang='lat' dir='ltr'><strong>nomen</strong></span> <span class='ocrx_word' id='word_1_140' title='bbox 1912 2064 1969 2144; x_wconf 90' lang='lat' dir='ltr'><strong>sit,</strong></span> <span class='ocrx_word' id='word_1_141' title='bbox 2003 2063 2161 2145; x_wconf 83' lang='lat' dir='ltr'><strong>indagare</strong></span> 
     </span>
     <span class='ocr_line' id='line_1_14' title="bbox 532 2182 2155 2269; baseline -0.002 -19"><span class='ocrx_word' id='word_1_142' title='bbox 532 2185 611 2251; x_wconf 92' lang='lat' dir='ltr'><strong>mihi</strong></span> <span class='ocrx_word' id='word_1_143' title='bbox 645 2184 840 2268; x_wconf 82' lang='lat' dir='ltr'><strong>contigisset.</strong></span> <span class='ocrx_word' id='word_1_144' title='bbox 888 2184 1031 2266; x_wconf 84' lang='lat' dir='ltr'><strong>Egregia</strong></span> <span class='ocrx_word' id='word_1_145' title='bbox 1063 2182 1165 2246; x_wconf 91' lang='lat' dir='ltr'><strong>litoris</strong></span> <span class='ocrx_word' id='word_1_146' title='bbox 1187 2183 1348 2265; x_wconf 83' lang='lat' dir='ltr'><strong>Byzaceni</strong></span> <span class='ocrx_word' id='word_1_147' title='bbox 1381 2182 1554 2269; x_wconf 81' lang='lat' dir='ltr'><strong>descriptio</strong></span> <span class='ocrx_word' id='word_1_148' title='bbox 1586 2185 1667 2249; x_wconf 90' lang='lat' dir='ltr'><strong>haec</strong></span> <span class='ocrx_word' id='word_1_149' title='bbox 1699 2183 1788 2268; x_wconf 92' lang='lat' dir='ltr'><strong>apud</strong></span> <span class='ocrx_word' id='word_1_150' title='bbox 1819 2182 2019 2248; x_wconf 85' lang='lat' dir='ltr'><strong>Ferrandum</strong></span> <span class='ocrx_word' id='word_1_151' title='bbox 2051 2188 2155 2248; x_wconf 85' lang='lat' dir='ltr'><strong>extat:</strong></span> 
     </span>
     <span class='ocr_line' id='line_1_15' title="bbox 535 2300 2158 2386; baseline -0.002 -16"><span class='ocrx_word' id='word_1_152' title='bbox 535 2305 612 2370; x_wconf 84' lang='lat' dir='ltr'><strong>‘Est</strong></span> <span class='ocrx_word' id='word_1_153' title='bbox 632 2341 677 2351; x_wconf 97' lang='lat'>—</span> <span class='ocrx_word' id='word_1_154' title='bbox 697 2302 800 2385; x_wconf 91' lang='lat' dir='ltr'><strong>inquit</strong></span> <span class='ocrx_word' id='word_1_155' title='bbox 822 2339 862 2349; x_wconf 90' lang='lat'><em>-</em></span> <span class='ocrx_word' id='word_1_156' title='bbox 885 2302 918 2366; x_wconf 90' lang='lat' dir='ltr'><strong>in</strong></span> <span class='ocrx_word' id='word_1_157' title='bbox 941 2300 1047 2366; x_wconf 91' lang='lat' dir='ltr'><strong>medio</strong></span> <span class='ocrx_word' id='word_1_158' title='bbox 1068 2300 1183 2365; x_wconf 92' lang='lat' dir='ltr'><strong>vadosi</strong></span> <span class='ocrx_word' id='word_1_159' title='bbox 1205 2302 1303 2365; x_wconf 88' lang='lat' dir='ltr'><strong>maris</strong></span> <span class='ocrx_word' id='word_1_160' title='bbox 1325 2302 1397 2366; x_wconf 91' lang='lat' dir='ltr'><strong>sinu</strong></span> <span class='ocrx_word' id='word_1_161' title='bbox 1426 2303 1654 2368; x_wconf 86' lang='lat' dir='ltr'><strong>monasterium</strong></span> <span class='ocrx_word' id='word_1_162' title='bbox 1675 2302 1825 2367; x_wconf 89' lang='lat' dir='ltr'><strong>Iuneensi</strong></span> <span class='ocrx_word' id='word_1_163' title='bbox 1853 2302 1939 2368; x_wconf 87' lang='lat' dir='ltr'><strong>litori</strong></span> <span class='ocrx_word' id='word_1_164' title='bbox 1966 2302 2158 2386; x_wconf 83' lang='lat' dir='ltr'><strong>proximum,</strong></span> 
     </span>
     <span class='ocr_line' id='line_1_16' title="bbox 531 2419 2160 2506; baseline -0.002 -17"><span class='ocrx_word' id='word_1_165' title='bbox 531 2422 727 2489; x_wconf 89' lang='lat' dir='ltr'><strong>Benueiensi</strong></span> <span class='ocrx_word' id='word_1_166' title='bbox 758 2428 865 2488; x_wconf 88' lang='lat' dir='ltr'><strong>autem</strong></span> <span class='ocrx_word' id='word_1_167' title='bbox 894 2419 1036 2484; x_wconf 82' lang='lat' dir='ltr'><strong>maxima</strong></span> <span class='ocrx_word' id='word_1_168' title='bbox 1066 2439 1106 2484; x_wconf 85' lang='lat' dir='ltr'><strong>ex</strong></span> <span class='ocrx_word' id='word_1_169' title='bbox 1135 2426 1226 2504; x_wconf 90' lang='lat' dir='ltr'><strong>parte</strong></span> <span class='ocrx_word' id='word_1_170' title='bbox 1254 2420 1455 2502; x_wconf 85' lang='lat' dir='ltr'><strong>contiguum,</strong></span> <span class='ocrx_word' id='word_1_171' title='bbox 1487 2421 1542 2486; x_wconf 94' lang='lat' dir='ltr'><strong>ubi</strong></span> <span class='ocrx_word' id='word_1_172' title='bbox 1571 2440 1675 2503; x_wconf 90' lang='lat' dir='ltr'><strong>neque</strong></span> <span class='ocrx_word' id='word_1_173' title='bbox 1703 2420 1812 2484; x_wconf 90' lang='lat' dir='ltr'><strong>hortos</strong></span> <span class='ocrx_word' id='word_1_174' title='bbox 1842 2421 1946 2485; x_wconf 88' lang='lat' dir='ltr'><strong>colere</strong></span> <span class='ocrx_word' id='word_1_175' title='bbox 1976 2420 2160 2506; x_wconf 85' lang='lat' dir='ltr'><strong>parvissimi</strong></span> 
     </span>
     <span class='ocr_line' id='line_1_17' title="bbox 531 2539 2161 2637; baseline -0.002 -29"><span class='ocrx_word' id='word_1_176' title='bbox 531 2541 655 2627; x_wconf 90' lang='lat' dir='ltr'><strong>scopuli</strong></span> <span class='ocrx_word' id='word_1_177' title='bbox 677 2542 771 2606; x_wconf 89' lang='lat' dir='ltr'><strong>limes</strong></span> <span class='ocrx_word' id='word_1_178' title='bbox 793 2540 870 2637; x_wconf 90' lang='lat' dir='ltr'><strong>sinit</strong></span> <span class='ocrx_word' id='word_1_179' title='bbox 891 2545 1066 2621; x_wconf 81' lang='lat' dir='ltr'><strong>angustus,</strong></span> <span class='ocrx_word' id='word_1_180' title='bbox 1099 2558 1203 2621; x_wconf 92' lang='lat' dir='ltr'><strong>neque</strong></span> <span class='ocrx_word' id='word_1_181' title='bbox 1233 2539 1313 2622; x_wconf 82' lang='lat' dir='ltr'><strong>ligni</strong></span> <span class='ocrx_word' id='word_1_182' title='bbox 1342 2540 1395 2603; x_wconf 90' lang='lat' dir='ltr'><strong>vel</strong></span> <span class='ocrx_word' id='word_1_183' title='bbox 1424 2539 1575 2624; x_wconf 90' lang='lat' dir='ltr'><strong>potabilis</strong></span> <span class='ocrx_word' id='word_1_184' title='bbox 1605 2559 1709 2622; x_wconf 88' lang='lat' dir='ltr'><strong>aquae</strong></span> <span class='ocrx_word' id='word_1_185' title='bbox 1732 2539 1905 2605; x_wconf 87' lang='lat' dir='ltr'><strong>consolatio</strong></span> <span class='ocrx_word' id='word_1_186' title='bbox 1928 2540 2043 2605; x_wconf 89' lang='lat' dir='ltr'><strong>saltem</strong></span> <span class='ocrx_word' id='word_1_187' title='bbox 2064 2541 2161 2605; x_wconf 88' lang='lat' dir='ltr'><strong>mini-</strong></span> 
     </span>
     <span class='ocr_line' id='line_1_18' title="bbox 532 2657 2161 2744; baseline -0.001 -17"><span class='ocrx_word' id='word_1_188' title='bbox 532 2670 649 2728; x_wconf 89' lang='lat' dir='ltr'><strong>stratur</strong></span> <span class='ocrx_word' id='word_1_189' title='bbox 671 2661 807 2744; x_wconf 82' lang='lat' dir='ltr'><strong>exigua,</strong></span> <span class='ocrx_word' id='word_1_190' title='bbox 841 2658 899 2724; x_wconf 90' lang='lat' dir='ltr'><strong>sed</strong></span> <span class='ocrx_word' id='word_1_191' title='bbox 927 2658 975 2722; x_wconf 92' lang='lat' dir='ltr'><strong>rei</strong></span> <span class='ocrx_word' id='word_1_192' title='bbox 1000 2657 1165 2740; x_wconf 88' lang='lat' dir='ltr'><strong>utriusque</strong></span> <span class='ocrx_word' id='word_1_193' title='bbox 1187 2678 1245 2743; x_wconf 92' lang='lat' dir='ltr'><strong>per</strong></span> <span class='ocrx_word' id='word_1_194' title='bbox 1267 2657 1473 2722; x_wconf 89' lang='lat' dir='ltr'><strong>brevissimas</strong></span> <span class='ocrx_word' id='word_1_195' title='bbox 1497 2659 1662 2723; x_wconf 88' lang='lat' dir='ltr'><strong>naviculas</strong></span> <span class='ocrx_word' id='word_1_196' title='bbox 1685 2658 1827 2741; x_wconf 86' lang='lat' dir='ltr'><strong>quotidie</strong></span> <span class='ocrx_word' id='word_1_197' title='bbox 1850 2657 2044 2725; x_wconf 85' lang='lat' dir='ltr'><strong>sufficientia</strong></span> <span class='ocrx_word' id='word_1_198' title='bbox 2065 2679 2161 2744; x_wconf 89' lang='lat' dir='ltr'><strong>prae-</strong></span> 
     </span>
     <span class='ocr_line' id='line_1_19' title="bbox 531 2775 2162 2866; baseline -0.002 -21"><span class='ocrx_word' id='word_1_199' title='bbox 531 2783 687 2866; x_wconf 86' lang='lat' dir='ltr'><strong>paratur&#39;.</strong></span> <span class='ocrx_word' id='word_1_200' title='bbox 735 2778 805 2857; x_wconf 78' lang='lat' dir='ltr'><strong>Quo</strong></span> <span class='ocrx_word' id='word_1_201' title='bbox 826 2778 860 2843; x_wconf 92' lang='lat' dir='ltr'><strong>in</strong></span> <span class='ocrx_word' id='word_1_202' title='bbox 882 2777 1075 2842; x_wconf 90' lang='lat' dir='ltr'><strong>monasterio</strong></span> <span class='ocrx_word' id='word_1_203' title='bbox 1104 2775 1227 2859; x_wconf 85' lang='lat' dir='ltr'><strong>degens</strong></span> <span class='ocrx_word' id='word_1_204' title='bbox 1249 2776 1442 2860; x_wconf 86' lang='lat' dir='ltr'><strong>Fulgentius</strong></span> <span class='ocrx_word' id='word_1_205' title='bbox 1475 2780 1534 2842; x_wconf 85' lang='lat' dir='ltr'><strong>‘ex</strong></span> <span class='ocrx_word' id='word_1_206' title='bbox 1556 2777 1735 2860; x_wconf 90' lang='lat' dir='ltr'><strong>palmamm</strong></span> <span class='ocrx_word' id='word_1_207' title='bbox 1757 2777 1844 2842; x_wconf 85' lang='lat' dir='ltr'><strong>iuliis</strong></span> <span class='ocrx_word' id='word_1_208' title='bbox 1865 2776 2012 2844; x_wconf 88' lang='lat' dir='ltr'><strong>dabellos</strong></span> <span class='ocrx_word' id='word_1_209' title='bbox 2035 2778 2162 2862; x_wconf 88' lang='lat' dir='ltr'><strong>saepis-</strong></span> 
     </span>
     <span class='ocr_line' id='line_1_20' title="bbox 530 2896 2161 2976; baseline -0.002 -12"><span class='ocrx_word' id='word_1_210' title='bbox 530 2900 611 2964; x_wconf 93' lang='lat' dir='ltr'><strong>sime</strong></span> <span class='ocrx_word' id='word_1_211' title='bbox 634 2897 850 2964; x_wconf 81' lang='lat' dir='ltr'><strong>contexebat’.</strong></span> <span class='ocrx_word' id='word_1_212' title='bbox 898 2896 990 2962; x_wconf 90' lang='lat' dir='ltr'><strong>Notis</strong></span> <span class='ocrx_word' id='word_1_213' title='bbox 1017 2897 1069 2961; x_wconf 92' lang='lat' dir='ltr'><strong>his</strong></span> <span class='ocrx_word' id='word_1_214' title='bbox 1099 2896 1267 2961; x_wconf 88' lang='lat' dir='ltr'><strong>uberrimis</strong></span> <span class='ocrx_word' id='word_1_215' title='bbox 1288 2896 1454 2961; x_wconf 85' lang='lat' dir='ltr'><strong>luncensis</strong></span> <span class='ocrx_word' id='word_1_216' title='bbox 1481 2896 1582 2961; x_wconf 89' lang='lat' dir='ltr'><strong>litoris</strong></span> <span class='ocrx_word' id='word_1_217' title='bbox 1605 2896 1685 2961; x_wconf 90' lang='lat' dir='ltr'><strong>situs</strong></span> <span class='ocrx_word' id='word_1_218' title='bbox 1706 2897 1789 2962; x_wconf 92' lang='lat' dir='ltr'><strong>bene</strong></span> <span class='ocrx_word' id='word_1_219' title='bbox 1812 2896 1991 2963; x_wconf 90' lang='lat' dir='ltr'><strong>denotatur.</strong></span> <span class='ocrx_word' id='word_1_220' title='bbox 2038 2896 2161 2976; x_wconf 78' lang='lat' dir='ltr'><strong>Quam-</strong></span> 
     </span>
     <span class='ocr_line' id='line_1_21' title="bbox 530 3014 2160 3102; baseline -0.002 -18"><span class='ocrx_word' id='word_1_221' title='bbox 530 3039 628 3102; x_wconf 88' lang='lat' dir='ltr'><strong>quam</strong></span> <span class='ocrx_word' id='word_1_222' title='bbox 654 3024 722 3083; x_wconf 87' lang='lat' dir='ltr'><strong>tota</strong></span> <span class='ocrx_word' id='word_1_223' title='bbox 742 3016 875 3100; x_wconf 81' lang='lat' dir='ltr'><strong>Byzacii</strong></span> <span class='ocrx_word' id='word_1_224' title='bbox 903 3014 1125 3081; x_wconf 88' lang='lat' dir='ltr'><strong>meridionalis</strong></span> <span class='ocrx_word' id='word_1_225' title='bbox 1153 3035 1209 3080; x_wconf 87' lang='lat' dir='ltr'><strong>eru</strong></span> <span class='ocrx_word' id='word_1_226' title='bbox 1237 3015 1321 3081; x_wconf 92' lang='lat' dir='ltr'><strong>inter</strong></span> <span class='ocrx_word' id='word_1_227' title='bbox 1342 3014 1509 3080; x_wconf 83' lang='lat' dir='ltr'><strong>Cercinam</strong></span> <span class='ocrx_word' id='word_1_228' title='bbox 1538 3023 1570 3080; x_wconf 89' lang='lat' dir='ltr'><strong>et</strong></span> <span class='ocrx_word' id='word_1_229' title='bbox 1591 3017 1744 3101; x_wconf 86' lang='lat' dir='ltr'><strong>Tacapen</strong></span> <span class='ocrx_word' id='word_1_230' title='bbox 1773 3025 1908 3083; x_wconf 88' lang='lat' dir='ltr'><strong>extensa</strong></span> <span class='ocrx_word' id='word_1_231' title='bbox 1936 3017 2057 3082; x_wconf 91' lang='lat' dir='ltr'><strong>vadoso</strong></span> <span class='ocrx_word' id='word_1_232' title='bbox 2078 3016 2160 3081; x_wconf 88' lang='lat' dir='ltr'><strong>mari</strong></span> 
     </span>
     <span class='ocr_line' id='line_1_22' title="bbox 532 3133 2161 3221; baseline -0.002 -18"><span class='ocrx_word' id='word_1_233' title='bbox 532 3139 651 3204; x_wconf 81' lang='lat' dir='ltr'><strong>infesta</strong></span> <span class='ocrx_word' id='word_1_234' title='bbox 672 3134 810 3201; x_wconf 89' lang='lat' dir='ltr'><strong>navibus</strong></span> <span class='ocrx_word' id='word_1_235' title='bbox 832 3142 892 3217; x_wconf 87' lang='lat' dir='ltr'><strong>est,</strong></span> <span class='ocrx_word' id='word_1_236' title='bbox 919 3142 1036 3215; x_wconf 90' lang='lat' dir='ltr'><strong>tamen,</strong></span> <span class='ocrx_word' id='word_1_237' title='bbox 1062 3134 1118 3217; x_wconf 92' lang='lat' dir='ltr'><strong>qui</strong></span> <span class='ocrx_word' id='word_1_238' title='bbox 1141 3133 1231 3199; x_wconf 91' lang='lat' dir='ltr'><strong>sinus</strong></span> <span class='ocrx_word' id='word_1_239' title='bbox 1253 3134 1355 3199; x_wconf 89' lang='lat' dir='ltr'><strong>litoris</strong></span> <span class='ocrx_word' id='word_1_240' title='bbox 1377 3135 1447 3199; x_wconf 91' lang='lat' dir='ltr'><strong>eius</strong></span> <span class='ocrx_word' id='word_1_241' title='bbox 1470 3135 1635 3219; x_wconf 88' lang='lat' dir='ltr'><strong>scopulum</strong></span> <span class='ocrx_word' id='word_1_242' title='bbox 1657 3137 1947 3221; x_wconf 85' lang='lat' dir='ltr'><strong>monasteriumque</strong></span> <span class='ocrx_word' id='word_1_243' title='bbox 1962 3158 1982 3202; x_wconf 91' lang='lat' dir='ltr'><strong>a</strong></span> <span class='ocrx_word' id='word_1_244' title='bbox 1996 3136 2161 3202; x_wconf 88' lang='lat' dir='ltr'><strong>Ferrando</strong></span> 
     </span>
     <span class='ocr_line' id='line_1_23' title="bbox 533 3253 2162 3340; baseline -0.001 -17"><span class='ocrx_word' id='word_1_245' title='bbox 533 3256 729 3340; x_wconf 88' lang='lat' dir='ltr'><strong>descriptum</strong></span> <span class='ocrx_word' id='word_1_246' title='bbox 751 3254 952 3335; x_wconf 89' lang='lat' dir='ltr'><strong>continuerit,</strong></span> <span class='ocrx_word' id='word_1_247' title='bbox 977 3253 1089 3319; x_wconf 89' lang='lat' dir='ltr'><strong>tabula</strong></span> <span class='ocrx_word' id='word_1_248' title='bbox 1111 3253 1328 3337; x_wconf 82' lang='lat' dir='ltr'><strong>geographica</strong></span> <span class='ocrx_word' id='word_1_249' title='bbox 1349 3253 1495 3337; x_wconf 86' lang='lat' dir='ltr'><strong>inspecta</strong></span> <span class='ocrx_word' id='word_1_250' title='bbox 1516 3273 1609 3320; x_wconf 90' lang='lat' dir='ltr'><strong>nemo</strong></span> <span class='ocrx_word' id='word_1_251' title='bbox 1631 3255 1782 3338; x_wconf 85' lang='lat' dir='ltr'><strong>ambiget.</strong></span> <span class='ocrx_word' id='word_1_252' title='bbox 1823 3256 1941 3322; x_wconf 90' lang='lat' dir='ltr'><strong>Nullus</strong></span> <span class='ocrx_word' id='word_1_253' title='bbox 1957 3257 2041 3322; x_wconf 91' lang='lat' dir='ltr'><strong>enim</strong></span> <span class='ocrx_word' id='word_1_254' title='bbox 2057 3256 2162 3340; x_wconf 85' lang='lat' dir='ltr'><strong>Syrtis</strong></span> 
     </span>
     <span class='ocr_line' id='line_1_24' title="bbox 533 3373 2163 3457; baseline -0.001 -15"><span class='ocrx_word' id='word_1_255' title='bbox 533 3375 665 3442; x_wconf 88' lang='lat' dir='ltr'><strong>minoris</strong></span> <span class='ocrx_word' id='word_1_256' title='bbox 694 3374 791 3441; x_wconf 89' lang='lat' dir='ltr'><strong>totius</strong></span> <span class='ocrx_word' id='word_1_257' title='bbox 821 3373 911 3440; x_wconf 89' lang='lat' dir='ltr'><strong>sinus</strong></span> <span class='ocrx_word' id='word_1_258' title='bbox 940 3373 1064 3438; x_wconf 91' lang='lat' dir='ltr'><strong>insulas</strong></span> <span class='ocrx_word' id='word_1_259' title='bbox 1093 3373 1251 3453; x_wconf 89' lang='lat' dir='ltr'><strong>minutas,</strong></span> <span class='ocrx_word' id='word_1_260' title='bbox 1287 3374 1434 3457; x_wconf 87' lang='lat' dir='ltr'><strong>scopulos</strong></span> <span class='ocrx_word' id='word_1_261' title='bbox 1463 3393 1549 3457; x_wconf 90' lang='lat' dir='ltr'><strong>aqua</strong></span> <span class='ocrx_word' id='word_1_262' title='bbox 1577 3384 1739 3455; x_wconf 84' lang='lat' dir='ltr'><strong>carentes,</strong></span> <span class='ocrx_word' id='word_1_263' title='bbox 1772 3394 1832 3440; x_wconf 90' lang='lat' dir='ltr'><strong>nee</strong></span> <span class='ocrx_word' id='word_1_264' title='bbox 1861 3375 1952 3440; x_wconf 91' lang='lat' dir='ltr'><strong>silvis</strong></span> <span class='ocrx_word' id='word_1_265' title='bbox 1981 3395 2040 3441; x_wconf 89' lang='lat' dir='ltr'><strong>nee</strong></span> <span class='ocrx_word' id='word_1_266' title='bbox 2061 3375 2163 3440; x_wconf 84' lang='lat' dir='ltr'><strong>hortis</strong></span> 
     </span>
     <span class='ocr_line' id='line_1_25' title="bbox 533 3491 2160 3577; baseline -0.004 -15"><span class='ocrx_word' id='word_1_267' title='bbox 533 3495 730 3562; x_wconf 83' lang='lat' dir='ltr'><strong>sufficientes</strong></span> <span class='ocrx_word' id='word_1_268' title='bbox 760 3493 900 3559; x_wconf 89' lang='lat' dir='ltr'><strong>continet</strong></span> <span class='ocrx_word' id='word_1_269' title='bbox 929 3492 992 3557; x_wconf 91' lang='lat' dir='ltr'><strong>nisi</strong></span> <span class='ocrx_word' id='word_1_270' title='bbox 1020 3492 1067 3573; x_wconf 92' lang='lat' dir='ltr'><strong>is,</strong></span> <span class='ocrx_word' id='word_1_271' title='bbox 1101 3492 1156 3575; x_wconf 92' lang='lat' dir='ltr'><strong>qui</strong></span> <span class='ocrx_word' id='word_1_272' title='bbox 1188 3492 1271 3577; x_wconf 79' lang='lat' dir='ltr'><strong>‘bey</strong></span> <span class='ocrx_word' id='word_1_273' title='bbox 1293 3492 1330 3557; x_wconf 85' lang='lat' dir='ltr'><strong>oi</strong></span> <span class='ocrx_word' id='word_1_274' title='bbox 1348 3491 1520 3557; x_wconf 81' lang='lat' dir='ltr'><strong>Surkenis’</strong></span> <span class='ocrx_word' id='word_1_275' title='bbox 1550 3492 1584 3558; x_wconf 92' lang='lat' dir='ltr'><strong>in</strong></span> <span class='ocrx_word' id='word_1_276' title='bbox 1612 3493 1723 3558; x_wconf 90' lang='lat' dir='ltr'><strong>tabula</strong></span> <span class='ocrx_word' id='word_1_277' title='bbox 1745 3494 1883 3577; x_wconf 80' lang='lat' dir='ltr'><strong>Anglica</strong></span> <span class='ocrx_word' id='word_1_278' title='bbox 1904 3494 2160 3575; x_wconf 62' lang='lat' dir='ltr'><strong>nominaturus.</strong></span> 
     </span>
     <span class='ocr_line' id='line_1_26' title="bbox 532 3610 2158 3696; baseline -0.003 -15"><span class='ocrx_word' id='word_1_279' title='bbox 532 3616 663 3681; x_wconf 87' lang='lat' dir='ltr'><strong>Insulae</strong></span> <span class='ocrx_word' id='word_1_280' title='bbox 686 3613 842 3680; x_wconf 87' lang='lat' dir='ltr'><strong>Surkenis</strong></span> <span class='ocrx_word' id='word_1_281' title='bbox 872 3611 969 3677; x_wconf 93' lang='lat' dir='ltr'><strong>bodie</strong></span> <span class='ocrx_word' id='word_1_282' title='bbox 995 3610 1144 3678; x_wconf 87' lang='lat' dir='ltr'><strong>desertae</strong></span> <span class='ocrx_word' id='word_1_283' title='bbox 1167 3617 1258 3691; x_wconf 87' lang='lat' dir='ltr'><strong>sunt,</strong></span> <span class='ocrx_word' id='word_1_284' title='bbox 1292 3610 1350 3676; x_wconf 92' lang='lat' dir='ltr'><strong>sed</strong></span> <span class='ocrx_word' id='word_1_285' title='bbox 1379 3612 1413 3676; x_wconf 94' lang='lat' dir='ltr'><strong>in</strong></span> <span class='ocrx_word' id='word_1_286' title='bbox 1442 3612 1572 3695; x_wconf 89' lang='lat' dir='ltr'><strong>scopulo</strong></span> <span class='ocrx_word' id='word_1_287' title='bbox 1601 3631 1759 3696; x_wconf 89' lang='lat' dir='ltr'><strong>perparvo</strong></span> <span class='ocrx_word' id='word_1_288' title='bbox 1786 3611 1914 3677; x_wconf 90' lang='lat' dir='ltr'><strong>aedium</strong></span> <span class='ocrx_word' id='word_1_289' title='bbox 1944 3614 2158 3695; x_wconf 90' lang='lat' dir='ltr'><strong>antiquarum,</strong></span> 
     </span>
     <span class='ocr_line' id='line_1_27' title="bbox 532 3728 2161 3813; baseline -0.004 -13"><span class='ocrx_word' id='word_1_290' title='bbox 532 3733 729 3812; x_wconf 85' lang='lat' dir='ltr'><strong>monasterii,</strong></span> <span class='ocrx_word' id='word_1_291' title='bbox 755 3733 789 3797; x_wconf 91' lang='lat' dir='ltr'><strong>ni</strong></span> <span class='ocrx_word' id='word_1_292' title='bbox 810 3731 917 3812; x_wconf 86' lang='lat' dir='ltr'><strong>fallor,</strong></span> <span class='ocrx_word' id='word_1_293' title='bbox 944 3749 965 3794; x_wconf 94' lang='lat' dir='ltr'><strong>a</strong></span> <span class='ocrx_word' id='word_1_294' title='bbox 986 3728 1150 3794; x_wconf 86' lang='lat' dir='ltr'><strong>Ferrando</strong></span> <span class='ocrx_word' id='word_1_295' title='bbox 1172 3729 1340 3796; x_wconf 89' lang='lat' dir='ltr'><strong>memorati</strong></span> <span class='ocrx_word' id='word_1_296' title='bbox 1361 3729 1478 3796; x_wconf 89' lang='lat' dir='ltr'><strong>mdera</strong></span> <span class='ocrx_word' id='word_1_297' title='bbox 1500 3734 1683 3813; x_wconf 76' lang='lat' dir='ltr'><strong>extant¹⁸⁷l.</strong></span> <span class='ocrx_word' id='word_1_298' title='bbox 1723 3731 1793 3796; x_wconf 89' lang='lat' dir='ltr'><strong>Iam</strong></span> <span class='ocrx_word' id='word_1_299' title='bbox 1815 3751 1900 3813; x_wconf 91' lang='lat' dir='ltr'><strong>vero,</strong></span> <span class='ocrx_word' id='word_1_300' title='bbox 1928 3732 1954 3796; x_wconf 91' lang='lat' dir='ltr'><strong>si</strong></span> <span class='ocrx_word' id='word_1_301' title='bbox 1977 3731 2062 3797; x_wconf 90' lang='lat' dir='ltr'><strong>litori</strong></span> <span class='ocrx_word' id='word_1_302' title='bbox 2083 3731 2161 3795; x_wconf 91' lang='lat' dir='ltr'><strong>Iun-</strong></span> 
     </span>
     <span class='ocr_line' id='line_1_28' title="bbox 532 3847 2160 3933; baseline -0.002 -14"><span class='ocrx_word' id='word_1_303' title='bbox 532 3854 621 3920; x_wconf 89' lang='lat' dir='ltr'><strong>censi</strong></span> <span class='ocrx_word' id='word_1_304' title='bbox 642 3853 696 3918; x_wconf 90' lang='lat' dir='ltr'><strong>vel</strong></span> <span class='ocrx_word' id='word_1_305' title='bbox 717 3849 869 3916; x_wconf 88' lang='lat' dir='ltr'><strong>Vincensi</strong></span> <span class='ocrx_word' id='word_1_306' title='bbox 890 3849 1070 3933; x_wconf 85' lang='lat' dir='ltr'><strong>proximum</strong></span> <span class='ocrx_word' id='word_1_307' title='bbox 1093 3848 1195 3913; x_wconf 87' lang='lat' dir='ltr'><strong>fuisse</strong></span> <span class='ocrx_word' id='word_1_308' title='bbox 1217 3847 1323 3913; x_wconf 93' lang='lat' dir='ltr'><strong>sinum</strong></span> <span class='ocrx_word' id='word_1_309' title='bbox 1345 3848 1518 3925; x_wconf 85' lang='lat' dir='ltr'><strong>vadosum,</strong></span> <span class='ocrx_word' id='word_1_310' title='bbox 1551 3850 1585 3913; x_wconf 92' lang='lat' dir='ltr'><strong>in</strong></span> <span class='ocrx_word' id='word_1_311' title='bbox 1613 3869 1675 3931; x_wconf 94' lang='lat' dir='ltr'><strong>quo</strong></span> <span class='ocrx_word' id='word_1_312' title='bbox 1705 3851 1929 3916; x_wconf 88' lang='lat' dir='ltr'><strong>monasterium</strong></span> <span class='ocrx_word' id='word_1_313' title='bbox 1959 3851 2041 3918; x_wconf 93' lang='lat' dir='ltr'><strong>illud</strong></span> <span class='ocrx_word' id='word_1_314' title='bbox 2064 3852 2160 3917; x_wconf 86' lang='lat' dir='ltr'><strong>situm</strong></span> 
     </span>
     <span class='ocr_line' id='line_1_29' title="bbox 533 3945 2163 4053; baseline -0.002 -14"><span class='ocrx_word' id='word_1_315' title='bbox 533 3980 631 4053; x_wconf 88' lang='lat' dir='ltr'><strong>esset,</strong></span> <span class='ocrx_word' id='word_1_316' title='bbox 657 3969 860 4036; x_wconf 89' lang='lat' dir='ltr'><strong>meminimus</strong></span> <span class='ocrx_word' id='word_1_317' title='bbox 881 3967 1046 4051; x_wconf 84' lang='lat' dir='ltr'><strong>literisque</strong></span> <span class='ocrx_word' id='word_1_318' title='bbox 1068 3968 1184 4033; x_wconf 91' lang='lat' dir='ltr'><strong>insulis</strong></span> <span class='ocrx_word' id='word_1_319' title='bbox 1199 3967 1354 4031; x_wconf 86' lang='lat' dir='ltr'><strong>Surkenis</strong></span> <span class='ocrx_word' id='word_1_320' title='bbox 1377 3967 1474 4032; x_wconf 87' lang='lat' dir='ltr'><strong>vicini</strong></span> <span class='ocrx_word' id='word_1_321' title='bbox 1495 3969 1568 4032; x_wconf 90' lang='lat' dir='ltr'><strong>loea</strong></span> <span class='ocrx_word' id='word_1_322' title='bbox 1590 3945 1778 4053; x_wconf 82' lang='lat' dir='ltr'><strong>oppidorum</strong></span> <span class='ocrx_word' id='word_1_323' title='bbox 1800 3970 2001 4053; x_wconf 90' lang='lat' dir='ltr'><strong>antiquomm</strong></span> <span class='ocrx_word' id='word_1_324' title='bbox 2017 3971 2163 4053; x_wconf 88' lang='lat' dir='ltr'><strong>reliquiis</strong></span> 
     </span>
     <span class='ocr_line' id='line_1_30' title="bbox 533 4085 2162 4176; baseline 0.001 -20"><span class='ocrx_word' id='word_1_325' title='bbox 533 4110 707 4176; x_wconf 87' lang='lat' dir='ltr'><strong>conspersa</strong></span> <span class='ocrx_word' id='word_1_326' title='bbox 731 4087 960 4173; x_wconf 86' lang='lat' dir='ltr'><strong>perquirimus,</strong></span> <span class='ocrx_word' id='word_1_327' title='bbox 986 4086 1165 4171; x_wconf 89' lang='lat' dir='ltr'><strong>propiorem</strong></span> <span class='ocrx_word' id='word_1_328' title='bbox 1187 4086 1311 4151; x_wconf 90' lang='lat' dir='ltr'><strong>nullum</strong></span> <span class='ocrx_word' id='word_1_329' title='bbox 1333 4085 1514 4150; x_wconf 89' lang='lat' dir='ltr'><strong>invenimus</strong></span> <span class='ocrx_word' id='word_1_330' title='bbox 1537 4106 1634 4168; x_wconf 88' lang='lat' dir='ltr'><strong>quam</strong></span> <span class='ocrx_word' id='word_1_331' title='bbox 1656 4088 1741 4153; x_wconf 87' lang='lat' dir='ltr'><strong>Kasr</strong></span> <span class='ocrx_word' id='word_1_332' title='bbox 1762 4088 1871 4173; x_wconf 84' lang='lat' dir='ltr'><strong>Vnga,</strong></span> <span class='ocrx_word' id='word_1_333' title='bbox 1897 4091 1952 4173; x_wconf 93' lang='lat' dir='ltr'><strong>qui</strong></span> <span class='ocrx_word' id='word_1_334' title='bbox 1973 4092 2063 4157; x_wconf 87' lang='lat' dir='ltr'><strong>locus</strong></span> <span class='ocrx_word' id='word_1_335' title='bbox 2086 4110 2162 4176; x_wconf 91' lang='lat' dir='ltr'><strong>sep-</strong></span> 
     </span>
     <span class='ocr_line' id='line_1_31' title="bbox 531 4204 2161 4293; baseline 0 -17"><span class='ocrx_word' id='word_1_336' title='bbox 531 4211 723 4276; x_wconf 87' lang='lat' dir='ltr'><strong>tentrionem</strong></span> <span class='ocrx_word' id='word_1_337' title='bbox 752 4227 866 4273; x_wconf 89' lang='lat' dir='ltr'><strong>versus</strong></span> <span class='ocrx_word' id='word_1_338' title='bbox 889 4227 930 4270; x_wconf 92' lang='lat' dir='ltr'><strong>m.</strong></span> <span class='ocrx_word' id='word_1_339' title='bbox 957 4227 988 4290; x_wconf 92' lang='lat' dir='ltr'><strong>p.</strong></span> <span class='ocrx_word' id='word_1_340' title='bbox 1016 4205 1048 4268; x_wconf 87' lang='lat' dir='ltr'>X</span> <span class='ocrx_word' id='word_1_341' title='bbox 1077 4206 1119 4271; x_wconf 94' lang='lat' dir='ltr'><strong>ab</strong></span> <span class='ocrx_word' id='word_1_342' title='bbox 1145 4205 1251 4269; x_wconf 91' lang='lat' dir='ltr'><strong>insula</strong></span> <span class='ocrx_word' id='word_1_343' title='bbox 1273 4204 1431 4269; x_wconf 82' lang='lat' dir='ltr'><strong>Surlrenis¹</strong></span> <span class='ocrx_word' id='word_1_344' title='bbox 1453 4205 1625 4289; x_wconf 55' lang='lat' dir='ltr'><strong>distatiiil.</strong></span> <span class='ocrx_word' id='word_1_345' title='bbox 1671 4207 1732 4272; x_wconf 86' lang='lat' dir='ltr'><strong>llic</strong></span> <span class='ocrx_word' id='word_1_346' title='bbox 1754 4208 1906 4293; x_wconf 89' lang='lat' dir='ltr'><strong>oppidum</strong></span> <span class='ocrx_word' id='word_1_347' title='bbox 1928 4211 2085 4277; x_wconf 91' lang='lat' dir='ltr'><strong>luncense</strong></span> <span class='ocrx_word' id='word_1_348' title='bbox 2107 4212 2161 4276; x_wconf 92' lang='lat' dir='ltr'><strong>vel</strong></span> 
     </span>
    </p>
   </div>
   <div class='ocr_carea' id='block_1_5' title="bbox 535 4424 946 4435">
    <p class='ocr_par' dir='ltr' id='par_1_5' title="bbox 535 4424 946 4435">
     <span class='ocr_line' id='line_1_32' title="bbox 535 4424 946 4435; baseline -0.015 0"><span class='ocrx_word' id='word_1_349' title='bbox 535 4424 946 4435; x_wconf 72' lang='grc'><strong>-.----------</strong></span> 
     </span>
    </p>
   </div>
   <div class='ocr_carea' id='block_1_6' title="bbox 621 4566 1176 4630">
    <p class='ocr_par' dir='ltr' id='par_1_6' title="bbox 621 4566 1176 4630">
     <span class='ocr_line' id='line_1_33' title="bbox 621 4566 1176 4630; baseline -0.005 -12"><span class='ocrx_word' id='word_1_350' title='bbox 621 4567 678 4630; x_wconf 76' lang='grc'><strong>1821</strong></span> <span class='ocrx_word' id='word_1_351' title='bbox 699 4567 819 4617; x_wconf 74' lang='lat' dir='ltr'><strong>Femnnd.</strong></span> <span class='ocrx_word' id='word_1_352' title='bbox 839 4569 883 4615; x_wconf 89' lang='lat' dir='ltr'><strong>vlt.</strong></span> <span class='ocrx_word' id='word_1_353' title='bbox 905 4567 1036 4627; x_wconf 76' lang='lat' dir='ltr'><strong>Fuigentil</strong></span> <span class='ocrx_word' id='word_1_354' title='bbox 1054 4568 1116 4616; x_wconf 83' lang='grc'><strong>1111</strong></span> <span class='ocrx_word' id='word_1_355' title='bbox 1134 4566 1176 4627; x_wconf 78' lang='grc'><strong>211.</strong></span> 
     </span>
    </p>
   </div>
   <div class='ocr_carea' id='block_1_7' title="bbox 531 4667 2161 4906">
    <p class='ocr_par' dir='ltr' id='par_1_7' title="bbox 531 4667 2161 4906">
     <span class='ocr_line' id='line_1_34' title="bbox 622 4667 2161 4734; baseline 0.001 -16"><span class='ocrx_word' id='word_1_356' title='bbox 622 4668 678 4731; x_wconf 73' lang='lat' dir='ltr'><strong>ist)</strong></span> <span class='ocrx_word' id='word_1_357' title='bbox 699 4670 777 4717; x_wconf 86' lang='lat' dir='ltr'><strong>Locos</strong></span> <span class='ocrx_word' id='word_1_358' title='bbox 800 4683 900 4729; x_wconf 84' lang='lat' dir='ltr'><strong>omues,</strong></span> <span class='ocrx_word' id='word_1_359' title='bbox 926 4670 1019 4731; x_wconf 87' lang='lat' dir='ltr'><strong>qulbus</strong></span> <span class='ocrx_word' id='word_1_360' title='bbox 1043 4669 1162 4731; x_wconf 90' lang='lat' dir='ltr'><strong>oppidum</strong></span> <span class='ocrx_word' id='word_1_361' title='bbox 1187 4667 1326 4730; x_wconf 82' lang='lat' dir='ltr'><strong>episcopale</strong></span> <span class='ocrx_word' id='word_1_362' title='bbox 1350 4667 1488 4730; x_wconf 89' lang='lat' dir='ltr'><strong>queeuse,</strong></span> <span class='ocrx_word' id='word_1_363' title='bbox 1517 4668 1649 4717; x_wconf 85' lang='lat' dir='ltr'><strong>concilium</strong></span> <span class='ocrx_word' id='word_1_364' title='bbox 1672 4669 1796 4720; x_wconf 87' lang='lat' dir='ltr'><strong>Iunoense</strong></span> <span class='ocrx_word' id='word_1_365' title='bbox 1819 4672 1849 4719; x_wconf 81' lang='lat' dir='ltr'><strong>eb</strong></span> <span class='ocrx_word' id='word_1_366' title='bbox 1873 4673 1996 4732; x_wconf 87' lang='lat' dir='ltr'><strong>episcopis</strong></span> <span class='ocrx_word' id='word_1_367' title='bbox 2017 4673 2161 4734; x_wconf 76' lang='lat' dir='ltr'><strong>provinciae</strong></span> 
     </span>
     <span class='ocr_line' id='line_1_35' title="bbox 531 4753 2159 4817; baseline -0.001 -12"><span class='ocrx_word' id='word_1_368' title='bbox 531 4757 674 4816; x_wconf 81' lang='lat' dir='ltr'><strong>Byzareuae</strong></span> <span class='ocrx_word' id='word_1_369' title='bbox 686 4770 708 4804; x_wconf 83' lang='grc' dir='ltr'><strong>α.</strong></span> <span class='ocrx_word' id='word_1_370' title='bbox 723 4754 773 4804; x_wconf 85' lang='grc'><strong>521</strong></span> <span class='ocrx_word' id='word_1_371' title='bbox 786 4755 908 4814; x_wconf 79' lang='lat' dir='ltr'><strong>habitum,</strong></span> <span class='ocrx_word' id='word_1_372' title='bbox 928 4755 1040 4817; x_wconf 87' lang='lat' dir='ltr'><strong>episcopi</strong></span> <span class='ocrx_word' id='word_1_373' title='bbox 1052 4754 1190 4803; x_wconf 87' lang='lat' dir='ltr'><strong>luncenses</strong></span> <span class='ocrx_word' id='word_1_374' title='bbox 1209 4759 1327 4815; x_wconf 86' lang='lat' dir='ltr'><strong>quattuor</strong></span> <span class='ocrx_word' id='word_1_375' title='bbox 1345 4760 1521 4815; x_wconf 82' lang='lat' dir='ltr'><strong>memorantur,</strong></span> <span class='ocrx_word' id='word_1_376' title='bbox 1543 4753 1677 4814; x_wconf 76' lang='lat' dir='ltr'><strong>diligenter</strong></span> <span class='ocrx_word' id='word_1_377' title='bbox 1688 4755 1788 4817; x_wconf 73' lang='lat' dir='ltr'><strong>collegit</strong></span> <span class='ocrx_word' id='word_1_378' title='bbox 1800 4755 1918 4803; x_wconf 82' lang='lat' dir='ltr'><strong>Morcelli.</strong></span> <span class='ocrx_word' id='word_1_379' title='bbox 1945 4758 2029 4804; x_wconf 76' lang='lat' dir='ltr'><strong>Africa</strong></span> <span class='ocrx_word' id='word_1_380' title='bbox 2042 4755 2131 4805; x_wconf 83' lang='lat' dir='ltr'><strong>Christ.</strong></span> <span class='ocrx_word' id='word_1_381' title='bbox 2147 4757 2159 4803; x_wconf 92' lang='lat' dir='ltr'><strong>l</strong></span> 
     </span>
     <span class='ocr_line' id='line_1_36' title="bbox 531 4839 712 4906; baseline 0 -16"><span class='ocrx_word' id='word_1_382' title='bbox 531 4858 558 4906; x_wconf 88' lang='lat' dir='ltr'><strong>p.</strong></span> <span class='ocrx_word' id='word_1_383' title='bbox 581 4839 712 4892; x_wconf 80' lang='grc'><strong>192183.</strong></span> 
     </span>
    </p>
   </div>
   <div class='ocr_carea' id='block_1_8' title="bbox 531 4902 2195 5096">
    <p class='ocr_par' dir='ltr' id='par_1_8' title="bbox 531 4902 2195 5096">
     <span class='ocr_line' id='line_1_37' title="bbox 620 4902 2195 5007; baseline -0.001 -14"><span class='ocrx_word' id='word_1_384' title='bbox 620 4943 676 5005; x_wconf 88' lang='grc'><strong>181)</strong></span> <span class='ocrx_word' id='word_1_385' title='bbox 698 4944 766 4994; x_wconf 84' lang='lat' dir='ltr'><strong>Proe.</strong></span> <span class='ocrx_word' id='word_1_386' title='bbox 786 4944 812 4991; x_wconf 89' lang='lat' dir='ltr'><strong>b.</strong></span> <span class='ocrx_word' id='word_1_387' title='bbox 832 4941 913 4990; x_wconf 79' lang='lat' dir='ltr'><strong>Vand</strong></span> <span class='ocrx_word' id='word_1_388' title='bbox 935 4942 947 4988; x_wconf 94' lang='lat'><em>1</em></span> <span class='ocrx_word' id='word_1_389' title='bbox 968 4940 998 4990; x_wconf 92' lang='grc'><strong>15</strong></span> <span class='ocrx_word' id='word_1_390' title='bbox 1014 4932 1110 5007; x_wconf 64' lang='lat' dir='ltr'><strong>&#39;lousa</strong></span> <span class='ocrx_word' id='word_1_391' title='bbox 1149 4939 1243 4989; x_wconf 83' lang='lat' dir='ltr'><strong>Notitia</strong></span> <span class='ocrx_word' id='word_1_392' title='bbox 1267 4942 1453 5003; x_wconf 82' lang='lat' dir='ltr'><strong>episcopatuum</strong></span> <span class='ocrx_word' id='word_1_393' title='bbox 1472 4941 1567 4990; x_wconf 79' lang='lat' dir='ltr'><strong>Graeca</strong></span> <span class='ocrx_word' id='word_1_394' title='bbox 1590 4955 1646 4990; x_wconf 87' lang='lat' dir='ltr'><strong>cum</strong></span> <span class='ocrx_word' id='word_1_395' title='bbox 1664 4942 1788 4991; x_wconf 85' lang='lat' dir='ltr'><strong>Hieroclis</strong></span> <span class='ocrx_word' id='word_1_396' title='bbox 1807 4942 1959 5001; x_wconf 80' lang='lat' dir='ltr'><strong>Syneedemo</strong></span> <span class='ocrx_word' id='word_1_397' title='bbox 1983 4943 2049 4992; x_wconf 80' lang='lat' dir='ltr'><strong>edite</strong></span> <span class='ocrx_word' id='word_1_398' title='bbox 2067 4957 2082 4990; x_wconf 85' lang='lat' dir='ltr'><strong>a</strong></span> <span class='ocrx_word' id='word_1_399' title='bbox 2099 4943 2161 4991; x_wconf 86' lang='lat' dir='ltr'><strong>Pin·</strong></span> <span class='ocrx_word' id='word_1_400' title='bbox 2192 4902 2195 4908; x_wconf 28' lang='grc' dir='ltr'>Ι</span> 
     </span>
     <span class='ocr_line' id='line_1_38' title="bbox 531 5017 1550 5096; baseline -0.004 -18"><span class='ocrx_word' id='word_1_401' title='bbox 531 5031 589 5078; x_wconf 88' lang='lat' dir='ltr'><strong>dero</strong></span> <span class='ocrx_word' id='word_1_402' title='bbox 607 5034 633 5077; x_wconf 87' lang='lat' dir='ltr'><strong>et</strong></span> <span class='ocrx_word' id='word_1_403' title='bbox 650 5030 771 5088; x_wconf 81' lang='lat' dir='ltr'><strong>Partbeyo</strong></span> <span class='ocrx_word' id='word_1_404' title='bbox 787 5026 897 5076; x_wconf 86' lang='lat' dir='ltr'><strong>Beroiini</strong></span> <span class='ocrx_word' id='word_1_405' title='bbox 918 5025 983 5076; x_wconf 82' lang='grc'><strong>1868</strong></span> <span class='ocrx_word' id='word_1_406' title='bbox 1001 5040 1026 5088; x_wconf 90' lang='lat' dir='ltr'><strong>p.</strong></span> <span class='ocrx_word' id='word_1_407' title='bbox 1043 5024 1084 5075; x_wconf 93' lang='grc'><strong>18.</strong></span> <span class='ocrx_word' id='word_1_408' title='bbox 1119 5017 1224 5095; x_wconf 66' lang='lat' dir='ltr'><strong>&#39;lobqsq</strong></span> <span class='ocrx_word' id='word_1_409' title='bbox 1247 5020 1381 5096; x_wconf 77' lang='grc' dir='ltr'><strong>(Ἐπαρχία</strong></span> <span class='ocrx_word' id='word_1_410' title='bbox 1398 5020 1550 5093; x_wconf 70' lang='grc' dir='ltr'><strong>Βυζααίης).</strong></span> 
     </span>
    </p>
   </div>
   <div class='ocr_carea' id='block_1_9' title="bbox 619 5126 2162 5197">
    <p class='ocr_par' dir='ltr' id='par_1_9' title="bbox 619 5126 2162 5197">
     <span class='ocr_line' id='line_1_39' title="bbox 619 5126 2162 5197; baseline -0.001 -15"><span class='ocrx_word' id='word_1_411' title='bbox 619 5131 676 5195; x_wconf 80' lang='grc'><strong>185)</strong></span> <span class='ocrx_word' id='word_1_412' title='bbox 697 5132 766 5181; x_wconf 87' lang='lat' dir='ltr'><strong>Proe.</strong></span> <span class='ocrx_word' id='word_1_413' title='bbox 786 5132 810 5179; x_wconf 87' lang='lat' dir='ltr'><strong>b.</strong></span> <span class='ocrx_word' id='word_1_414' title='bbox 832 5128 913 5179; x_wconf 77' lang='lat' dir='ltr'><strong>Vsud.</strong></span> <span class='ocrx_word' id='word_1_415' title='bbox 934 5131 946 5179; x_wconf 91' lang='lat'>1</span> <span class='ocrx_word' id='word_1_416' title='bbox 967 5129 997 5178; x_wconf 90' lang='grc'><strong>15</strong></span> <span class='ocrx_word' id='word_1_417' title='bbox 1016 5129 1153 5178; x_wconf 77' lang='lat' dir='ltr'><strong>Archelaus</strong></span> <span class='ocrx_word' id='word_1_418' title='bbox 1172 5143 1204 5177; x_wconf 91' lang='lat' dir='ltr'><strong>ne</strong></span> <span class='ocrx_word' id='word_1_419' title='bbox 1223 5129 1252 5177; x_wconf 77' lang='lat' dir='ltr'><strong>ed</strong></span> <span class='ocrx_word' id='word_1_420' title='bbox 1271 5127 1353 5191; x_wconf 80' lang='lat' dir='ltr'><strong>Caput</strong></span> <span class='ocrx_word' id='word_1_421' title='bbox 1370 5130 1499 5179; x_wconf 84' lang='lat' dir='ltr'><strong>Vedornm</strong></span> <span class='ocrx_word' id='word_1_422' title='bbox 1517 5129 1653 5178; x_wconf 81' lang='lat' dir='ltr'><strong>Belissrius</strong></span> <span class='ocrx_word' id='word_1_423' title='bbox 1671 5141 1747 5176; x_wconf 81' lang='lat' dir='ltr'><strong>neves</strong></span> <span class='ocrx_word' id='word_1_424' title='bbox 1765 5129 1887 5192; x_wconf 79' lang='lat' dir='ltr'><strong>appellet,</strong></span> <span class='ocrx_word' id='word_1_425' title='bbox 1908 5130 2057 5179; x_wconf 71' lang='lat' dir='ltr'><strong>ffissnsdeus</strong></span> <span class='ocrx_word' id='word_1_426' title='bbox 2074 5126 2092 5197; x_wconf 82' lang='grc' dir='ltr'>ἢ</span> <span class='ocrx_word' id='word_1_427' title='bbox 2111 5127 2162 5180; x_wconf 78' lang='lat' dir='ltr'><strong>obst</strong></span> 
     </span>
    </p>
   </div>
   <div class='ocr_carea' id='block_1_10' title="bbox 529 5207 2159 5371">
    <p class='ocr_par' dir='ltr' id='par_1_10' title="bbox 529 5207 2159 5371">
     <span class='ocr_line' id='line_1_40' title="bbox 529 5207 2159 5286; baseline -0.002 -18"><span class='ocrx_word' id='word_1_428' title='bbox 529 5214 659 5286; x_wconf 71' lang='grc' dir='ltr'><strong>ἀκηκόατε</strong></span> <span class='ocrx_word' id='word_1_429' title='bbox 677 5244 711 5254; x_wconf 93' lang='grc'>-</span> <span class='ocrx_word' id='word_1_430' title='bbox 727 5217 812 5278; x_wconf 87' lang='lat' dir='ltr'><strong>inquit</strong></span> <span class='ocrx_word' id='word_1_431' title='bbox 830 5240 863 5251; x_wconf 95' lang='lat'>-</span> <span class='ocrx_word' id='word_1_432' title='bbox 881 5213 918 5271; x_wconf 75' lang='grc' dir='ltr'><strong>ὡς</strong></span> <span class='ocrx_word' id='word_1_433' title='bbox 939 5211 1035 5283; x_wconf 74' lang='grc' dir='ltr'><strong>ταύτην</strong></span> <span class='ocrx_word' id='word_1_434' title='bbox 1061 5212 1107 5281; x_wconf 81' lang='grc' dir='ltr'><strong>μὲν</strong></span> <span class='ocrx_word' id='word_1_435' title='bbox 1130 5212 1178 5281; x_wconf 63' lang='grc' dir='ltr'><strong>τὴν</strong></span> <span class='ocrx_word' id='word_1_436' title='bbox 1202 5212 1283 5281; x_wconf 74' lang='grc' dir='ltr'><strong>ἀκτὴν</strong></span> <span class='ocrx_word' id='word_1_437' title='bbox 1308 5212 1380 5265; x_wconf 73' lang='grc' dir='ltr'><strong>ἐννέα</strong></span> <span class='ocrx_word' id='word_1_438' title='bbox 1397 5212 1502 5281; x_wconf 80' lang='grc' dir='ltr'><strong>ἡμερῶν</strong></span> <span class='ocrx_word' id='word_1_439' title='bbox 1522 5211 1598 5274; x_wconf 73' lang='grc' dir='ltr'><strong>ὁδὸν,</strong></span> <span class='ocrx_word' id='word_1_440' title='bbox 1623 5210 1690 5281; x_wconf 66' lang='grc' dir='ltr'><strong>λέγω</strong></span> <span class='ocrx_word' id='word_1_441' title='bbox 1709 5211 1737 5264; x_wconf 74' lang='lat' dir='ltr'><strong>di</strong></span> <span class='ocrx_word' id='word_1_442' title='bbox 1755 5211 1791 5271; x_wconf 80' lang='grc' dir='ltr'><strong>εἰς</strong></span> <span class='ocrx_word' id='word_1_443' title='bbox 1806 5207 1909 5282; x_wconf 74' lang='lat' dir='ltr'><strong>&#39;loiaqo</strong></span> <span class='ocrx_word' id='word_1_444' title='bbox 1929 5211 1958 5266; x_wconf 75' lang='lat' dir='ltr'><strong>ta</strong></span> <span class='ocrx_word' id='word_1_445' title='bbox 1977 5209 2159 5286; x_wconf 74' lang='grc' dir='ltr'><strong>Καρχηδόνος,</strong></span> 
     </span>
     <span class='ocr_line' id='line_1_41' title="bbox 529 5294 1982 5371; baseline -0.001 -18"><span class='ocrx_word' id='word_1_446' title='bbox 529 5300 683 5354; x_wconf 74' lang='grc' dir='ltr'><strong>κατατείνειν</strong></span> <span class='ocrx_word' id='word_1_447' title='bbox 703 5299 787 5371; x_wconf 69' lang='grc' dir='ltr'><strong>φασὶν,</strong></span> <span class='ocrx_word' id='word_1_448' title='bbox 807 5296 927 5366; x_wconf 77' lang='grc' dir='ltr'><strong>ἀλῑμενόν</strong></span> <span class='ocrx_word' id='word_1_449' title='bbox 944 5315 973 5350; x_wconf 79' lang='grc' dir='ltr'><strong>τε</strong></span> <span class='ocrx_word' id='word_1_450' title='bbox 992 5296 1122 5357; x_wconf 81' lang='grc' dir='ltr'><strong>παντελῶς</strong></span> <span class='ocrx_word' id='word_1_451' title='bbox 1141 5296 1218 5351; x_wconf 73' lang='grc' dir='ltr'><strong>οὖσαν</strong></span> <span class='ocrx_word' id='word_1_452' title='bbox 1236 5298 1351 5357; x_wconf 70' lang='grc' dir='ltr'><strong>καὶτοῖς</strong></span> <span class='ocrx_word' id='word_1_453' title='bbox 1369 5297 1473 5366; x_wconf 71' lang='grc' dir='ltr'><strong>ἀνέμοις</strong></span> <span class='ocrx_word' id='word_1_454' title='bbox 1491 5294 1551 5349; x_wconf 76' lang='grc' dir='ltr'><strong>ὅθεν</strong></span> <span class='ocrx_word' id='word_1_455' title='bbox 1571 5295 1601 5349; x_wconf 79' lang='grc' dir='ltr'><strong>ἂν</strong></span> <span class='ocrx_word' id='word_1_456' title='bbox 1620 5296 1795 5350; x_wconf 71' lang='grc' dir='ltr'><strong>ἐπιπνεύσαιαν</strong></span> <span class='ocrx_word' id='word_1_457' title='bbox 1814 5297 1982 5368; x_wconf 72' lang='grc' dir='ltr'><strong>ἐκνειμδνηνς</strong></span> 
     </span>
    </p>
   </div>
   <div class='ocr_carea' id='block_1_11' title="bbox 618 5398 2053 5568">
    <p class='ocr_par' dir='ltr' id='par_1_11' title="bbox 618 5398 2053 5568">
     <span class='ocr_line' id='line_1_42' title="bbox 620 5398 2053 5466; baseline 0.001 -14"><span class='ocrx_word' id='word_1_458' title='bbox 620 5403 675 5465; x_wconf 77' lang='grc'><strong>1861</strong></span> <span class='ocrx_word' id='word_1_459' title='bbox 698 5404 830 5454; x_wconf 81' lang='lat' dir='ltr'><strong>Mehedislr</strong></span> <span class='ocrx_word' id='word_1_460' title='bbox 848 5409 873 5452; x_wconf 85' lang='lat' dir='ltr'><strong>to</strong></span> <span class='ocrx_word' id='word_1_461' title='bbox 891 5404 940 5452; x_wconf 73' lang='lat' dir='ltr'><strong>Rus</strong></span> <span class='ocrx_word' id='word_1_462' title='bbox 958 5402 1106 5452; x_wconf 78' lang='lat' dir='ltr'><strong>Malbebez.</strong></span> <span class='ocrx_word' id='word_1_463' title='bbox 1127 5403 1231 5452; x_wconf 87' lang='lat' dir='ltr'><strong>Londen</strong></span> <span class='ocrx_word' id='word_1_464' title='bbox 1248 5402 1386 5466; x_wconf 88' lang='lat' dir='ltr'><strong>published</strong></span> <span class='ocrx_word' id='word_1_465' title='bbox 1404 5409 1430 5451; x_wconf 84' lang='lat' dir='ltr'><strong>et</strong></span> <span class='ocrx_word' id='word_1_466' title='bbox 1447 5402 1492 5450; x_wconf 87' lang='lat' dir='ltr'><strong>the</strong></span> <span class='ocrx_word' id='word_1_467' title='bbox 1509 5402 1647 5460; x_wconf 77' lang='lat' dir='ltr'><strong>Admirtlty</strong></span> <span class='ocrx_word' id='word_1_468' title='bbox 1667 5398 1709 5450; x_wconf 68' lang='grc'><strong>511</strong></span> <span class='ocrx_word' id='word_1_469' title='bbox 1727 5402 1813 5451; x_wconf 78' lang='lat' dir='ltr'><strong>March</strong></span> <span class='ocrx_word' id='word_1_470' title='bbox 1832 5402 1907 5452; x_wconf 88' lang='grc'><strong>1861.</strong></span> <span class='ocrx_word' id='word_1_471' title='bbox 1928 5404 1973 5453; x_wconf 84' lang='lat' dir='ltr'><strong>No.</strong></span> <span class='ocrx_word' id='word_1_472' title='bbox 1993 5402 2053 5454; x_wconf 86' lang='grc'><strong>219.</strong></span> 
     </span>
     <span class='ocr_line' id='line_1_43' title="bbox 618 5504 1706 5568; baseline -0.003 -13"><span class='ocrx_word' id='word_1_473' title='bbox 618 5506 673 5568; x_wconf 81' lang='grc'><strong>181)</strong></span> <span class='ocrx_word' id='word_1_474' title='bbox 695 5508 727 5556; x_wconf 93' lang='lat' dir='ltr'><strong>ln</strong></span> <span class='ocrx_word' id='word_1_475' title='bbox 745 5508 838 5568; x_wconf 78' lang='lat' dir='ltr'><strong>exigua</strong></span> <span class='ocrx_word' id='word_1_476' title='bbox 854 5506 961 5568; x_wconf 85' lang='lat' dir='ltr'><strong>quadam</strong></span> <span class='ocrx_word' id='word_1_477' title='bbox 980 5519 1012 5554; x_wconf 83' lang='lat' dir='ltr'><strong>ex</strong></span> <span class='ocrx_word' id='word_1_478' title='bbox 1030 5507 1122 5555; x_wconf 83' lang='lat' dir='ltr'><strong>intulis</strong></span> <span class='ocrx_word' id='word_1_479' title='bbox 1141 5506 1265 5555; x_wconf 73' lang='lat' dir='ltr'><strong>surisnis</strong></span> <span class='ocrx_word' id='word_1_480' title='bbox 1283 5506 1369 5554; x_wconf 80' lang='lat' dir='ltr'><strong>tabula</strong></span> <span class='ocrx_word' id='word_1_481' title='bbox 1386 5504 1492 5565; x_wconf 70' lang='lat' dir='ltr'><strong>Augilas</strong></span> <span class='ocrx_word' id='word_1_482' title='bbox 1512 5505 1611 5552; x_wconf 80' lang='lat' dir='ltr'><strong>‘ruins&#39;</strong></span> <span class='ocrx_word' id='word_1_483' title='bbox 1629 5510 1706 5553; x_wconf 75' lang='lat' dir='ltr'><strong>notet.</strong></span> 
     </span>
    </p>
   </div>
   <div class='ocr_carea' id='block_1_12' title="bbox 529 5604 2161 5840">
    <p class='ocr_par' dir='ltr' id='par_1_12' title="bbox 529 5604 2161 5840">
     <span class='ocr_line' id='line_1_44' title="bbox 618 5604 2161 5671; baseline 0 -12"><span class='ocrx_word' id='word_1_484' title='bbox 618 5609 675 5671; x_wconf 88' lang='grc'><strong>188)</strong></span> <span class='ocrx_word' id='word_1_485' title='bbox 696 5604 761 5658; x_wconf 82' lang='lat' dir='ltr'><strong>Kssr</strong></span> <span class='ocrx_word' id='word_1_486' title='bbox 778 5611 851 5670; x_wconf 75' lang='lat' dir='ltr'><strong>Vnga</strong></span> <span class='ocrx_word' id='word_1_487' title='bbox 868 5609 987 5658; x_wconf 88' lang='lat' dir='ltr'><strong>viderunt</strong></span> <span class='ocrx_word' id='word_1_488' title='bbox 1003 5615 1030 5657; x_wconf 88' lang='lat' dir='ltr'><strong>et</strong></span> <span class='ocrx_word' id='word_1_489' title='bbox 1049 5610 1237 5671; x_wconf 86' lang='lat' dir='ltr'><strong>descripserunt</strong></span> <span class='ocrx_word' id='word_1_490' title='bbox 1254 5608 1382 5658; x_wconf 84' lang='lat' dir='ltr'><strong>Grenvilie</strong></span> <span class='ocrx_word' id='word_1_491' title='bbox 1401 5608 1515 5669; x_wconf 83' lang='lat' dir='ltr'><strong>Temple.</strong></span> <span class='ocrx_word' id='word_1_492' title='bbox 1544 5607 1697 5656; x_wconf 85' lang='lat' dir='ltr'><strong>Excuvsieus</strong></span> <span class='ocrx_word' id='word_1_493' title='bbox 1715 5610 1742 5656; x_wconf 87' lang='lat' dir='ltr'><strong>in</strong></span> <span class='ocrx_word' id='word_1_494' title='bbox 1761 5608 1805 5656; x_wconf 87' lang='lat' dir='ltr'><strong>the</strong></span> <span class='ocrx_word' id='word_1_495' title='bbox 1823 5607 2032 5658; x_wconf 73' lang='lat' dir='ltr'><strong>Mediterraneum</strong></span> <span class='ocrx_word' id='word_1_496' title='bbox 2058 5610 2161 5671; x_wconf 77' lang='lat' dir='ltr'><strong>Aigiers</strong></span> 
     </span>
     <span class='ocr_line' id='line_1_45' title="bbox 529 5693 2159 5767; baseline -0.001 -23"><span class='ocrx_word' id='word_1_497' title='bbox 529 5696 679 5767; x_wconf 71' lang='lat' dir='ltr'><strong>andlupis.</strong></span> <span class='ocrx_word' id='word_1_498' title='bbox 707 5695 809 5745; x_wconf 87' lang='lat' dir='ltr'><strong>Leudou</strong></span> <span class='ocrx_word' id='word_1_499' title='bbox 825 5693 927 5744; x_wconf 87' lang='grc'><strong>183511</strong></span> <span class='ocrx_word' id='word_1_500' title='bbox 944 5709 971 5758; x_wconf 85' lang='lat' dir='ltr'><strong>p.</strong></span> <span class='ocrx_word' id='word_1_501' title='bbox 988 5694 1045 5745; x_wconf 81' lang='grc'><strong>121.</strong></span> <span class='ocrx_word' id='word_1_502' title='bbox 1061 5693 1120 5744; x_wconf 89' lang='grc'><strong>121.</strong></span> <span class='ocrx_word' id='word_1_503' title='bbox 1150 5695 1183 5742; x_wconf 81' lang='lat' dir='ltr'><strong>V.</strong></span> <span class='ocrx_word' id='word_1_504' title='bbox 1198 5694 1295 5744; x_wconf 74' lang='lat' dir='ltr'><strong>(lustin</strong></span> <span class='ocrx_word' id='word_1_505' title='bbox 1308 5694 1406 5753; x_wconf 73' lang='lat' dir='ltr'><strong>voyage</strong></span> <span class='ocrx_word' id='word_1_506' title='bbox 1419 5693 1485 5742; x_wconf 79' lang='lat' dir='ltr'><strong>ereb.</strong></span> <span class='ocrx_word' id='word_1_507' title='bbox 1501 5693 1564 5742; x_wconf 78' lang='lat' dir='ltr'><strong>daus</strong></span> <span class='ocrx_word' id='word_1_508' title='bbox 1576 5694 1601 5741; x_wconf 84' lang='lat' dir='ltr'><strong>la</strong></span> <span class='ocrx_word' id='word_1_509' title='bbox 1612 5694 1662 5753; x_wconf 74' lang='lat' dir='ltr'><strong>reg.</strong></span> <span class='ocrx_word' id='word_1_510' title='bbox 1678 5693 1710 5743; x_wconf 90' lang='lat' dir='ltr'><strong>de</strong></span> <span class='ocrx_word' id='word_1_511' title='bbox 1724 5693 1865 5756; x_wconf 81' lang='lat' dir='ltr'><strong>Tunislp.</strong></span> <span class='ocrx_word' id='word_1_512' title='bbox 1883 5693 1941 5744; x_wconf 87' lang='grc'><strong>182.</strong></span> <span class='ocrx_word' id='word_1_513' title='bbox 1958 5694 2015 5745; x_wconf 86' lang='grc'><strong>183.</strong></span> <span class='ocrx_word' id='word_1_514' title='bbox 2046 5696 2159 5745; x_wconf 76' lang='lat' dir='ltr'><strong>Aliarum</strong></span> 
     </span>
     <span class='ocr_line' id='line_1_46' title="bbox 529 5780 1496 5840; baseline -0.003 -10"><span class='ocrx_word' id='word_1_515' title='bbox 529 5781 630 5830; x_wconf 79' lang='lat' dir='ltr'><strong>aedium</strong></span> <span class='ocrx_word' id='word_1_516' title='bbox 648 5782 715 5828; x_wconf 90' lang='lat' dir='ltr'><strong>inter</strong></span> <span class='ocrx_word' id='word_1_517' title='bbox 733 5782 821 5829; x_wconf 79' lang='lat' dir='ltr'><strong>rudere</strong></span> <span class='ocrx_word' id='word_1_518' title='bbox 839 5782 956 5830; x_wconf 75' lang='lat' dir='ltr'><strong>basiliere</strong></span> <span class='ocrx_word' id='word_1_519' title='bbox 974 5781 1109 5840; x_wconf 80' lang='lat' dir='ltr'><strong>Byzantiae</strong></span> <span class='ocrx_word' id='word_1_520' title='bbox 1128 5780 1192 5828; x_wconf 85' lang='lat' dir='ltr'><strong>muri</strong></span> <span class='ocrx_word' id='word_1_521' title='bbox 1211 5781 1356 5828; x_wconf 77' lang='lat' dir='ltr'><strong>etiamnunc</strong></span> <span class='ocrx_word' id='word_1_522' title='bbox 1373 5780 1496 5828; x_wconf 81' lang='lat' dir='ltr'><strong>eminent.</strong></span> 
     </span>
    </p>
   </div>
   <div class='ocr_carea' id='block_1_13' title="bbox 0 0 2530 6724">
    <p class='ocr_par' dir='ltr' id='par_1_13' title="bbox 0 0 2530 6724">
     <span class='ocr_line' id='line_1_47' title="bbox 0 0 2530 6724; baseline 0 0"><span class='ocrx_word' id='word_1_523' title='bbox 0 0 2530 6724; x_wconf 95' lang='lat' dir='ltr'><strong> </strong></span> 
     </span>
    </p>
   </div>
  </div>
 </body>
</html>
