5042 6726
1071 498 1301 554 Psocnsssvu.

652 725 667 782 1
694 741 734 782 m.
1152 726 1235 786 211.
1601 722 1768 804 legendam.

462 823 495 888 Π
520 822 672 888 11141111
1044 844 1117 889 sure
1538 830 1644 889 terrae

519 929 579 990 166
602 947 684 1010 equo
1044 948 1142 1011 equor
1539 927 1619 992 echo

518 1031 580 1091 200
604 1029 721 1094 sedens
743 1050 808 1094 una
1047 1032 1164 1097 sedens
1187 1052 1251 1095 nna
1274 1051 1381 1095 comes
1539 1029 1616 1095 sede
1639 1028 1757 1094 sedens
1780 1049 1844 1093 nna

516 1135 579 1195 228
602 1132 657 1214 qui
679 1152 739 1198 nec
1044 1154 1105 1218 que
1128 1153 1187 1198 nec
1538 1130 1615 1213 quin
1638 1136 1670 1194 et

517 1237 577 1298 294
601 1235 732 1327 lacerna
1042 1237 1174 1301 lucerna
1522 1226 1668 1299 'lacerna

444 1346 493 1411 lll
536 1348 578 1409 22
600 1346 778 1429 fragrantia
1041 1346 1212 1430 flagrantia
1314 1345 1318 1356 '
1535 1344 1714 1430 fragrantia

535 1452 576 1512 50
598 1449 668 1515 istri
1043 1451 1139 1517 astris
1536 1449 1610 1515 istri

534 1555 574 1616 99
598 1552 764 1618 levissima
786 1564 883 1637 gustu
1042 1554 1208 1620 lenissima
1230 1561 1327 1638 gustu
1535 1552 1701 1618 levissima
1722 1559 1819 1636 gustu

510 1657 575 1718 246
596 1660 708 1738 tygres
1038 1655 1185 1740 tygrides
1534 1657 1634 1738 tigres

511 1758 569 1820 351
596 1777 658 1822 111
1038 1780 1114 1825 nam
1535 1777 1599 1823 non

448 1868 492 1933 lV
536 1868 577 1929 99
600 1875 730 1934 auserat
1038 1869 1191 1935 hauserat
1535 1873 1671 1932 auxerat

510 1971 574 2033 220
598 1969 717 2037 librant
1037 1971 1154 2038 liberat
1533 1969 1653 2035 librant

367 2080 418 2171 Ad
441 2113 593 2190 quantam
616 2108 795 2174 coniciendi
817 2108 987 2176 audaciam
1010 2124 1125 2175 manus
1147 2109 1290 2176 secunda
1313 2108 1513 2194 processerit,
1541 2106 1666 2172 duobus
1688 2106 1861 2191 praecipue
1885 2107 1998 2172 clocis

366 2226 489 2307 clucet,
522 2245 601 2310 quos
623 2226 687 2292 iam
712 2228 833 2294 dudum
856 2229 915 2294 viri
939 2226 1023 2295 docti
1045 2228 1276 2310 restituissent,
1311 2229 1337 2293 11
1369 2227 1511 2293 codicem
1533 2227 1753 2292 Matritensem
1774 2226 1933 2311 inspicere
1956 2224 1997 2291 iis

366 2345 564 2429 contigisset.
610 2347 852 2414 111277-280
883 2349 1025 2413 Avarum
1054 2346 1124 2433 regi
1150 2370 1190 2414 nc
1212 2349 1329 2415 Persas
1351 2347 1482 2432 quidem
1505 2346 1602 2412 armis
1625 2346 1782 2412 obsistere
1805 2364 1901 2412 ausos
1923 2364 1996 2411 esse

368 2467 508 2531 Avarum
531 2465 632 2549 legati
655 2466 706 2532 his
728 2468 835 2535 verbis
857 2468 993 2534 iactant:

727 2625 821 2687 quem
844 2605 963 2671 Persae
985 2604 1120 2671 timuere
1143 2605 1204 2671 feri
1226 2604 1427 2689 genibusque
1449 2603 1601 2670 minantis

726 2707 897 2774 admovere
919 2724 1050 2774 manus:
1077 2724 1189 2793 pacem
1212 2728 1358 2774 meruere
1379 2707 1551 2793 precando.

726 2810 760 2875 ni
782 2810 891 2893 tieret,
916 2810 1036 2877 frustra
1058 2810 1154 2877 celsis
1177 2811 1357 2896 Babylonia
1378 2810 1478 2876 muris

726 2914 830 2980 cincta
852 2912 934 2980 foret
956 2910 1103 2980 dominos
1124 2914 1249 2980 Avares
1270 2913 1460 2980 1111111111
1482 2920 1607 2999 parata.

368 3051 418 3115 Ita
440 3048 592 3116 videlicet
612 3053 819 3117 1111111289
841 3050 981 3118 editores
1002 3048 1147 3136 plerique
1170 3052 1411 3133 constituerunt,
1436 3072 1508 3118 cum
1523 3050 1604 3116 nihil
1620 3050 1760 3135 amplius
1774 3048 1837 3115 nisi
1853 3048 1996 3115 codicem

726 3188 872 3254 dominos
895 3188 1038 3254 humeris
1060 3188 1251 3255 1111111111
1273 3196 1386 3272 parata

365 3323 518 3390 exhibere
540 3345 561 3390 a
582 3324 694 3390 Ruizio
717 3315 961 3409 comperissent,
996 3327 1098 3392 rerba
1126 3334 1276 3409 quattuor
1297 3333 1459 3412 postrema
1481 3325 1624 3393 secunda
1645 3342 1741 3390 manu
1763 3326 1797 3390 ln
1819 3324 1916 3390 litura
1938 3340 1996 3390 cr-

363 3450 456 3509 arata
477 3463 550 3510 esse
571 3465 773 3528 nequaquam
797 3445 1042 3529 suspicarentur.
1084 3444 1170 3524 Quid
1191 3447 1295 3532 prima
1316 3462 1412 3512 manu
1435 3442 1587 3530 scriptum
1609 3443 1717 3528 fuerit,
1743 3460 1856 3530 parum
1879 3442 1990 3529 liquet,

364 3583 434 3628 cum
458 3565 568 3648 apices
590 3564 660 3631 eius
681 3564 785 3630 altera
806 3585 903 3630 manu
926 3561 1008 3632 adeo
1030 3565 1115 3631 erasi
1138 3566 1212 3649 sint,
1239 3574 1274 3633 ut
1295 3565 1375 3631 nihil
1399 3565 1588 3649 dignoscere
1610 3584 1711 3650 queas
1729 3564 1792 3630 nisi

725 3700 893 3783 dominosq
909 3750 940 3765 ..
965 3701 987 3766 b
1001 3751 1310 3767 .............

364 3836 456 3916 Quae
478 3836 636 3904 frustulae
658 3844 723 3903 tam
746 3838 841 3923 plone
863 3859 935 3904 cunr
958 3838 1129 3905 Oretsnsls
1151 3840 1334 3924 fragmenti,
1362 3840 1404 3905 111
1426 3860 1488 3924 quo
1510 3859 1584 3905 mox
1606 3858 1713 3923 agam
1739 3835 1876 3904 lectione

726 3974 933 4059 dominosque
955 3970 1080 4043 Avares
1101 3994 1186 4043 nunc
1207 3978 1313 4063 patria
1335 3978 1433 4044 ferret

364 4111 565 4196 conveniunt,
591 4117 626 4177 ut
647 4111 752 4196 prima
773 4132 870 4179 manu
892 4114 926 4179 in
947 4114 1126 4180 Matritensi

725 4247 936 4333 dominosque
957 4242 1082 4317 Abarss
1104 4264 1189 4317 nunc
1211 4251 1316 4336 patria
1337 4251 1435 4317 ferret

364 4384 517 4469 scriptum
533 4383 634 4450 luisse
649 4385 802 4470 suspicer.
843 4385 913 4464 Quo
936 4380 1137 4453 coniecturae
1160 4386 1368 4453 fundamento
1390 4406 1467 4453 usus
1489 4388 1553 4453 iam
1576 4387 1673 4454 facile
1695 4406 1822 4453 versum
1844 4386 1993 4470 restitues

724 4521 934 4607 dominosque
955 4525 1080 4591 Avares
1102 4544 1186 4590 nunc
1207 4523 1339 4590 Parthia
1360 4524 1468 4591 ferret.

362 4660 467 4743 Atque
496 4658 581 4725 hunc
610 4659 740 4741 quidem
770 4660 892 4743 locum,
926 4659 960 4725 in
989 4681 1084 4745 quem
1115 4661 1265 4727 mendum
1295 4652 1660 4748 11111111111111111,
1694 4659 1857 4728 secundae
1878 4677 1992 4726 manus

364 4779 546 4844 coniectura
568 4779 739 4844 temeraria
759 4799 890 4864 prorsus
912 4786 1093 4865 connpttrm
1116 4799 1188 4847 esee
1210 4782 1265 4847 vix
1288 4783 1459 4866 quisquam
1481 4779 1678 4847 initiabitur.

449 4914 572 4981 Eadem
595 4915 749 4981 violentia
771 4916 875 4981 locum
897 4916 996 4983 alium
1019 4908 1099 4982 nulli
1123 4938 1263 5000 unquam
1286 4926 1470 5004 suspectum
1486 4937 1600 4984 manus
1616 4917 1758 4984 secunda
1772 4915 1989 5001 interpolavit.

364 5033 453 5100 Libri
482 5035 514 5099 Π
543 5055 573 5099 v.
604 5038 663 5098 159
679 5054 748 5117 sqq.
785 5036 943 5120 quomodo
977 5037 1118 5103 lustinus
1149 5059 1170 5104 a
1202 5039 1386 5122 patriarcha
1418 5036 1770 5123 Constantinopolitano
1803 5036 1991 5103 benedictus

364 5173 518 5238 sacroque
540 5153 723 5221 (1111111111
745 5155 867 5221 cinctus
889 5157 941 5239 sit,
967 5157 1125 5242 Oorippus
1147 5165 1287 5225 enarrat.

724 5298 893 5376 postquam
916 5301 1030 5361 cuncta
1051 5294 1141 5361 videt
1161 5294 1225 5361 ritu
1246 5295 1390 5381 perfecta
1411 5295 1550 5380 priorum

724 5394 910 5478 pontificum
934 5415 1077 5462 summus
1099 5397 1259 5482 plenaque
1281 5404 1388 5464 aetate
1409 5404 1565 5464 venustus

724 5497 904 5565 1111111111]
926 5498 1095 5565 benedixit
1115 5518 1200 5566 eum.

364 5624 471 5701 Verba
496 5634 601 5717 ί1111,
631 5638 826 5717 ι11111111,
856 5639 961 5702 ‘eum’
985 5645 1050 5704 tam
1074 5637 1238 5704 commode
1261 5638 1404 5721 secunda
1425 5658 1521 5704 manu
1544 5637 1656 5705 addita
1678 5644 1761 5718 sunt,
1787 5644 1824 5702 ut
1843 5656 1937 5701 nemo
1952 5656 1992 5702 ea

362 5755 394 5819 in
411 5753 543 5820 (lobium
559 5760 696 5833 vocaret,
723 5755 785 5819 nisi
799 5775 916 5821 nomen
931 5756 1133 5842 patriarchae
1148 5778 1169 5823 a
1182 5764 1277 5842 poeta
1291 5764 1499 5823 memoratum
1516 5776 1589 5823 osse
1604 5777 1622 5822 1
1637 5757 1808 5841 periochae
1824 5756 1988 5822 enuntiato
