5030 6734
933 580 1162 637 IOHANNIDOS
1182 582 1251 637 LlB.
1272 582 1321 637 Vl.
1345 583 1399 646 (V).

741 779 913 837 excurrunt
934 772 1057 837 celeres
1079 771 1195 837 calidis
1217 793 1238 838 a
1260 773 1407 856 Syrtibus
1429 771 1518 852 alae,

740 873 940 958 invitantque
962 874 1048 940 feras
1070 875 1161 959 regni
1185 872 1244 941 suh
1266 873 1409 958 imagine
1432 882 1557 959 gentes.

740 978 878 1045 barbara
899 978 993 1043 turba
1014 978 1086 1044 coit.
1133 970 1274 1044 numeris
1297 986 1434 1062 augetur
1455 987 1488 1044 et
1509 978 1616 1042 armis.

741 1090 816 1147 tunc
837 1081 961 1165 equites
984 1081 1171 1167 peditesque
1194 1089 1305 1167 ruunt,
1331 1081 1470 1164 altisque
1493 1082 1625 1147 camelis

742 1184 921 1250 Maurorum
945 1184 999 1267 qui
1022 1203 1109 1250 more
1132 1184 1254 1250 sedent.
1303 1205 1363 1251 nec
1385 1186 1473 1251 solus
1495 1184 1628 1269 liuguae

741 1295 798 1354 aut
818 1295 932 1372 gentes
955 1292 1094 1370 tantum,
1122 1295 1255 1371 egerunt
1278 1292 1360 1373 quae
1383 1286 1470 1354 bella
1491 1286 1632 1374 priores,

742 1410 920 1458 convenere
943 1391 1022 1474 sibi,
1048 1391 1107 1458 sed
1129 1392 1157 1456 si
1179 1391 1251 1476 quis
1274 1392 1400 1476 Syrtica
1422 1411 1497 1457 rura

742 1515 838 1581 asper
859 1503 931 1561 arat
951 1494 1131 1577 Nasamon,
1159 1495 1186 1560 si
1208 1495 1281 1578 quis
1304 1494 1553 1561 Garamantidos
1575 1494 1661 1560 aruis

667 1624 670 1629 ¹
741 1599 904 1684 proximus
926 1618 1006 1663 arra
1027 1598 1119 1681 colit,
1146 1598 1354 1683 pinguisqui
1378 1598 1523 1681 margine
1547 1598 1616 1663 Nili

742 1709 858 1785 stagna
879 1700 1008 1785 bibunt,
1035 1722 1152 1767 venere
1174 1702 1244 1767 viri.
1292 1702 1363 1786 quis
1387 1701 1494 1767 dicere
1518 1710 1632 1785 gentes

741 1813 805 1871 aut
819 1825 986 1872 numerare
1008 1811 1125 1890 queat?
1147 1824 1295 1871 numeres
1317 1813 1373 1871 aut
1395 1805 1544 1889 aequoris
1568 1804 1672 1870 undas

742 1908 919 1974 nimborum
941 1915 998 1974 aut
1019 1916 1145 1992 guttas,
1170 1915 1226 1974 aut
1248 1915 1385 1993 quantas
1408 1909 1484 1973 litus
1506 1908 1644 1973 barenas

743 2012 855 2096 alluit,
880 2020 937 2078 aut
958 2011 1096 2097 pelagus
1118 2012 1223 2098 pisces
1245 2020 1302 2078 aut
1325 2020 1410 2077 terra
1432 2012 1580 2077 volucres

743 2117 846 2181 omnis
867 2115 983 2198 habet,
1009 2116 1118 2181 varius
1140 2124 1217 2200 quot
1238 2116 1342 2200 gignit
1365 2134 1496 2200 campus
1518 2115 1633 2180 ansas

683 2262 686 2271 ·
732 2239 819 2285 uere
840 2239 937 2301 novo,
964 2219 1017 2284 vel
1038 2226 1139 2286 totum
1161 2227 1275 2285 ornant
1296 2226 1372 2303 quet
1394 2218 1503 2284 sidera
1525 2220 1670 2284 caelum.

829 2322 950 2388 viribus
971 2322 1046 2388 iude
1068 2323 1135 2387 suis
1157 2322 1314 2388 bellorum
1337 2322 1447 2388 ductor
1468 2342 1566 2387 arene

744 2445 891 2492 secumm
912 2426 1089 2510 fortemque
1112 2432 1244 2511 putans,
1271 2425 1444 2491 simulacra
1465 2425 1596 2492 novavit

745 2530 920 2614 signaque,
946 2538 978 2595 et
999 2530 1150 2596 extremis
1172 2530 1260 2595 acies
1282 2530 1452 2595 commovit
1475 2530 1516 2595 ab
1539 2529 1620 2611 oris,

746 2633 819 2719 plus
842 2633 937 2698 solita
958 2632 1074 2698 virtute
1097 2632 1255 2715 fremens,
1281 2653 1321 2698 ac
1343 2632 1449 2717 pergit
1470 2633 1503 2697 in
1525 2633 1659 2699 hostem.

746 2737 849 2803 victus
872 2743 907 2802 ut
928 2736 1096 2802 Herculeis
1118 2737 1261 2802 Antaeus
1284 2756 1382 2819 saepe
1405 2735 1535 2802 lacertis

745 2847 893 2907 contactu
914 2839 1040 2924 lapsum
1064 2841 1235 2925 reparabat
1255 2859 1370 2925 corpus
1392 2840 1531 2922 harena,

746 2951 858 3028 sponte
880 2943 1020 3025 cadens,
1046 2943 1148 3009 victor
1169 2943 1270 3009 donec
1292 2942 1480 3028 Tirynthius
1502 2950 1604 3009 artem

745 3052 907 3131 nosceret,
934 3053 966 3113 et
988 3046 1122 3112 summis
1144 3047 1330 3132 complexus
1353 3047 1473 3112 viribus
1498 3046 1623 3112 hostem

745 3156 914 3237 pensasset
936 3169 1069 3236 pronum
1092 3170 1162 3216 cum
1186 3170 1302 3234 magno
1325 3151 1465 3235 pondere
1488 3170 1619 3234 corpus,

745 3260 876 3340 guttura
896 3274 995 3321 saeva
1016 3274 1179 3340 premens:
1207 3260 1242 3319 ut
1263 3261 1380 3320 terram
1402 3260 1536 3338 tangere
1558 3260 1691 3320 matrem

746 3378 809 3424 non
831 3358 949 3442 potuit,
976 3357 1089 3422 victrix
1111 3356 1219 3423 miseri
1242 3376 1326 3423 mors
1349 3356 1472 3422 lumina
1494 3356 1628 3424 clausit:

747 3460 793 3527 sie
815 3461 918 3527 rictus
940 3458 1025 3526 vires
1048 3461 1210 3526 Carcasan
1232 3461 1362 3526 innovat
1384 3479 1495 3526 omnes

748 3564 898 3648 Syrtibus
919 3584 941 3629 a
962 3563 1107 3649 propriis.
1157 3563 1203 3629 sic
1225 3571 1259 3629 et
1280 3563 1451 3629 moriturus
1473 3563 1506 3628 iu
1528 3562 1651 3629 hostem

747 3667 875 3734 nescius
897 3686 986 3732 arma
1008 3673 1110 3752 parat.
1156 3673 1232 3733 tune
1255 3666 1348 3750 liquit
1369 3673 1498 3752 pectora
1519 3673 1620 3733 terror

748 3770 859 3837 hlautis
882 3777 914 3835 et
935 3770 1089 3837 obscurae
1110 3777 1158 3836 tot
1180 3790 1278 3837 saeva
1302 3770 1448 3856 pericula
1469 3771 1580 3836 noctis.

834 3873 978 3960 pervolat
999 3893 1074 3940 ecoe
1096 3873 1195 3956 levis,
1221 3895 1339 3959 magno
1360 3873 1534 3940 mandante
1558 3874 1689 3953 Rufino,

748 3978 895 4061 nuntius,
922 3984 954 4043 et
976 3977 1064 4043 fama
1086 3976 1226 4062 Libycas
1248 3978 1434 4044 conterritat
1457 3978 1552 4043 urbes

747 4082 812 4147 iam
834 4081 1000 4166 placidas,
1026 4079 1128 4147 victas
1149 4081 1264 4147 iterum
1286 4082 1428 4147 bellasse
1451 4087 1612 4163 catervas⁷

749 4185 866 4251 finibus
888 4185 1030 4252 occiduis
1052 4185 1194 4268 equiturn
1216 4185 1280 4250 iam
1303 4205 1429 4250 currere
1451 4191 1572 4250 turmas

641 4313 654 4351 s
749 4296 782 4355 et
802 4288 943 4374 Tripolis
964 4295 1093 4354 vastare
1115 4306 1224 4369 casas,
1251 4287 1457 4372 Carthaginis
1479 4288 1566 4354 altae

750 4393 912 4458 Carcasan
934 4391 1064 4457 ductore
1086 4391 1172 4457 feras
1194 4390 1238 4456 ad
1259 4391 1387 4475 moenia
1408 4397 1521 4475 gentes

749 4495 796 4561 ire
818 4495 956 4578 docens,
982 4515 1161 4578 nomenque
1184 4493 1246 4559 sibi
1269 4494 1451 4579 promittere
1474 4495 1600 4579 regni.-

751 4597 868 4664 missus
891 4597 1054 4664 Sidoniam
1077 4596 1171 4663 miles
1193 4597 1247 4662 vix
1270 4595 1403 4681 contigit
1423 4597 1549 4679 aulam,

751 4701 873 4769 ductori
895 4701 1049 4767 mandata
1070 4701 1193 4767 ferens:
1221 4701 1382 4767 concussit
1401 4702 1536 4768 acerbus

751 4804 850 4872 corda
872 4805 959 4871 furor
980 4811 1129 4870 narrante
1151 4804 1229 4869 viro.
1278 4803 1336 4870 sed
1357 4805 1473 4870 mentis
1494 4804 1649 4873 honestae

752 4908 900 4974 virtmem
922 4906 1108 4973 indomitam
1131 4908 1244 4974 melior
1265 4906 1426 4992 sapientia
1449 4908 1581 4974 vincens

753 5011 921 5078 consilium
944 5010 1079 5095 quaerit.
1127 5011 1297 5076 volvuntur
1318 5018 1446 5095 pectore
1468 5030 1581 5093 curae,

753 5135 813 5181 nec
835 5121 943 5181 movet
963 5114 1103 5181 obtutus.
1150 5113 1267 5180 mentis
1290 5113 1439 5181 discurrit
1459 5135 1605 5181 acumen.

754 5219 862 5285 omnia
884 5217 1081 5304 prospiciens
1103 5225 1217 5302 pensat
1239 5217 1423 5284 discrimine
1446 5238 1578 5299 causae,

609 5346 657 5385 rra
755 5330 787 5389 et
808 5323 897 5388 videt
918 5320 1084 5387 infandum
1108 5328 1222 5387 cuncta
1244 5321 1285 5387 de
1308 5328 1398 5407 parte
1420 5321 1586 5406 periclum.

439 5567 483 5618 191
504 5570 544 5617 als
564 5570 585 5615 Τ
709 5567 755 5617 192
773 5568 858 5628 reguis
878 5566 899 5613 T
1022 5563 1069 5614 194
1087 5565 1235 5628 peditesque
1252 5570 1330 5614 runrrt
1347 5568 1447 5627 ramat,
1467 5566 1566 5628 pedites
1584 5580 1649 5629 quae
1666 5573 1727 5616 runt
1749 5569 1776 5629 T,
1796 5569 1894 5631 pedites
1912 5586 1989 5634 quac-

369 5662 430 5703 ruut
447 5654 536 5716 Mass„
556 5654 599 5703 sad
615 5655 651 5714 cs.
671 5655 806 5703 1111184.
820 5654 872 5702 382
1007 5650 1053 5700 195
1071 5652 1180 5712 llssguas
1200 5651 1221 5697 T
1355 5650 1402 5701 illl
1422 5654 1443 5701 si
1461 5655 1520 5714 quis
1537 5653 1622 5715 Bella,
1642 5656 1700 5715 qnls
1723 5654 1751 5715 T,
1774 5656 1890 5717 quisquis
1909 5654 1987 5706 Mosa.

373 5737 420 5790 198
437 5753 511 5803 asper
528 5745 581 5789 arat
597 5740 718 5790 Nasamon
739 5740 827 5801 Musa,
846 5744 946 5802 asperat
964 5751 1081 5787 sammon
1101 5738 1123 5784 Τ
1237 5738 1334 5799 siquis
1357 5739 1384 5799 T,
1405 5744 1431 5786 et
1448 5740 1491 5801 qul
1511 5738 1589 5788 blase.
1713 5739 1855 5790 Tuberone
1876 5743 1902 5803 T,
1922 5758 1992 5793 acer·

371 5840 431 5876 num
444 5825 532 5886 Muza,
551 5840 652 5876 araurem
664 5833 687 5876 et
698 5844 723 5875 o.
738 5828 787 5874 201
801 5840 913 5876 securam
926 5824 1042 5874 dubitans
1053 5824 1127 5875 Bclrt.
1228 5822 1278 5872 212
1296 5824 1433 5873 terrtuteus
1449 5824 1469 5872 T
1566 5824 1616 5875 214
1634 5834 1764 5889 pausaret
1774 5827 1889 5877 dubitem
1903 5831 1990 5882 Bella,

370 5920 513 5978 prsnmset
533 5913 554 5963 T
655 5913 705 5963 219
723 5913 801 5976 llquld
822 5910 858 5959 T'
946 5910 1212 5971 225αει19σο1ω.,
1234 5915 1313 5959 castra
1334 5911 1362 5973 T,
1382 5925 1452 5975 agros
1471 5911 1549 5961 Musa.
1656 5912 1706 5962 226
1724 5913 1821 5962 certum
1839 5931 1869 5963 aa
1893 5917 1913 5965 T
