<?xml version="1.0" encoding="UTF-8"?>
<!DOCTYPE html PUBLIC "-//W3C//DTD XHTML 1.0 Transitional//EN"
    "http://www.w3.org/TR/xhtml1/DTD/xhtml1-transitional.dtd">
<html xmlns="http://www.w3.org/1999/xhtml" xml:lang="en" lang="en">
 <head>
  <title>
</title>
<meta http-equiv="Content-Type" content="text/html;charset=utf-8" />
  <meta name='ocr-system' content='tesseract 3.04.00' />
  <meta name='ocr-capabilities' content='ocr_page ocr_carea ocr_par ocr_line ocrx_word'/>
</head>
<body>
  <div class='ocr_page' id='page_1' title='image "./corippiafricani00partgoog_0177.png"; bbox 0 0 5030 6734; ppageno 0'>
   <div class='ocr_carea' id='block_1_1' title="bbox 1300 517 1507 598">
    <p class='ocr_par' dir='ltr' id='par_1_1' title="bbox 1300 517 1507 598">
     <span class='ocr_line' id='line_1_1' title="bbox 1300 517 1507 598; baseline 0 0"><span class='ocrx_word' id='word_1_1' title='bbox 1300 543 1448 598; x_wconf 74' lang='lat' dir='ltr'>comper</span> <span class='ocrx_word' id='word_1_2' title='bbox 1502 517 1507 534; x_wconf 89' lang='lat'><em>&#39;</em></span> 
     </span>
    </p>
   </div>
   <div class='ocr_carea' id='block_1_2' title="bbox 948 732 2040 5258">
    <p class='ocr_par' dir='ltr' id='par_1_2' title="bbox 948 732 2040 5258">
     <span class='ocr_line' id='line_1_2' title="bbox 951 732 1791 818; baseline -0.002 -21"><span class='ocrx_word' id='word_1_3' title='bbox 951 734 1041 797; x_wconf 88' lang='lat' dir='ltr'>nisus</span> <span class='ocrx_word' id='word_1_4' title='bbox 1064 733 1302 815; x_wconf 81' lang='lat' dir='ltr'>magnanimum</span> <span class='ocrx_word' id='word_1_5' title='bbox 1324 732 1388 798; x_wconf 89' lang='lat' dir='ltr'>telo</span> <span class='ocrx_word' id='word_1_6' title='bbox 1410 739 1565 818; x_wconf 85' lang='lat' dir='ltr'>temptare</span> <span class='ocrx_word' id='word_1_7' title='bbox 1588 732 1791 815; x_wconf 80' lang='lat' dir='ltr'>magistrum3</span> 
     </span>
     <span class='ocr_line' id='line_1_3' title="bbox 952 834 1808 925; baseline -0.002 -24"><span class='ocrx_word' id='word_1_8' title='bbox 952 836 1010 901; x_wconf 90' lang='lat' dir='ltr'>sed</span> <span class='ocrx_word' id='word_1_9' title='bbox 1032 842 1199 920; x_wconf 82' lang='lat' dir='ltr'>postquam</span> <span class='ocrx_word' id='word_1_10' title='bbox 1222 834 1307 901; x_wconf 85' lang='lat' dir='ltr'>vires</span> <span class='ocrx_word' id='word_1_11' title='bbox 1330 836 1464 902; x_wconf 88' lang='lat' dir='ltr'>veniens</span> <span class='ocrx_word' id='word_1_12' title='bbox 1487 834 1645 925; x_wconf 75' lang='lat' dir='ltr'>persensit</span> <span class='ocrx_word' id='word_1_13' title='bbox 1666 835 1808 919; x_wconf 80' lang='lat' dir='ltr'>iniquas,</span> 
     </span>
     <span class='ocr_line' id='line_1_4' title="bbox 950 938 1662 1022; baseline -0.004 -17"><span class='ocrx_word' id='word_1_14' title='bbox 950 939 1063 1005; x_wconf 79' lang='lat' dir='ltr'><strong>infelix</strong></span> <span class='ocrx_word' id='word_1_15' title='bbox 1087 938 1212 1005; x_wconf 89' lang='lat' dir='ltr'>veniam</span> <span class='ocrx_word' id='word_1_16' title='bbox 1236 938 1395 1005; x_wconf 83' lang='lat' dir='ltr'>submissa</span> <span class='ocrx_word' id='word_1_17' title='bbox 1417 960 1495 1005; x_wconf 91' lang='lat' dir='ltr'>voce</span> <span class='ocrx_word' id='word_1_18' title='bbox 1519 940 1662 1022; x_wconf 88' lang='lat' dir='ltr'>rogabat.</span> 
     </span>
     <span class='ocr_line' id='line_1_5' title="bbox 955 1041 1837 1127; baseline -0.003 -19"><span class='ocrx_word' id='word_1_19' title='bbox 955 1045 1046 1108; x_wconf 87' lang='lat' dir='ltr'>‘ossa</span> <span class='ocrx_word' id='word_1_20' title='bbox 1067 1063 1126 1127; x_wconf 90' lang='lat' dir='ltr'>per</span> <span class='ocrx_word' id='word_1_21' title='bbox 1147 1042 1281 1108; x_wconf 86' lang='lat' dir='ltr'>Euantis</span> <span class='ocrx_word' id='word_1_22' title='bbox 1303 1043 1401 1127; x_wconf 88' lang='lat' dir='ltr'>digno</span> <span class='ocrx_word' id='word_1_23' title='bbox 1422 1044 1504 1109; x_wconf 91' lang='lat' dir='ltr'>bene</span> <span class='ocrx_word' id='word_1_24' title='bbox 1527 1049 1652 1127; x_wconf 90' lang='lat' dir='ltr'>compta</span> <span class='ocrx_word' id='word_1_25' title='bbox 1674 1041 1837 1127; x_wconf 83' lang='lat' dir='ltr'>sepulcro,</span> 
     </span>
     <span class='ocr_line' id='line_1_6' title="bbox 951 1144 1808 1232; baseline -0.002 -20"><span class='ocrx_word' id='word_1_26' title='bbox 951 1166 1034 1229; x_wconf 90' lang='lat' dir='ltr'>quae</span> <span class='ocrx_word' id='word_1_27' title='bbox 1056 1147 1154 1212; x_wconf 88' lang='lat' dir='ltr'>talem</span> <span class='ocrx_word' id='word_1_28' title='bbox 1177 1166 1316 1230; x_wconf 87' lang='lat' dir='ltr'>genuere</span> <span class='ocrx_word' id='word_1_29' title='bbox 1338 1146 1458 1225; x_wconf 90' lang='lat' dir='ltr'>virum,</span> <span class='ocrx_word' id='word_1_30' title='bbox 1484 1167 1541 1232; x_wconf 92' lang='lat' dir='ltr'>per</span> <span class='ocrx_word' id='word_1_31' title='bbox 1563 1145 1703 1211; x_wconf 81' lang='lat' dir='ltr'>maxima</span> <span class='ocrx_word' id='word_1_32' title='bbox 1724 1144 1808 1210; x_wconf 90' lang='lat' dir='ltr'>Petri</span> 
     </span>
     <span class='ocr_line' id='line_1_7' title="bbox 951 1247 1772 1333; baseline -0.001 -19"><span class='ocrx_word' id='word_1_33' title='bbox 951 1249 1037 1315; x_wconf 82' lang='lat' dir='ltr'>faeta</span> <span class='ocrx_word' id='word_1_34' title='bbox 1058 1249 1167 1315; x_wconf 89' lang='lat' dir='ltr'>futura</span> <span class='ocrx_word' id='word_1_35' title='bbox 1187 1249 1251 1331; x_wconf 85' lang='lat' dir='ltr'>tui,</span> <span class='ocrx_word' id='word_1_36' title='bbox 1278 1249 1370 1326; x_wconf 11' lang='lat' dir='ltr'>cuius*</span> <span class='ocrx_word' id='word_1_37' title='bbox 1390 1250 1453 1315; x_wconf 85' lang='lat' dir='ltr'>iam</span> <span class='ocrx_word' id='word_1_38' title='bbox 1476 1249 1564 1314; x_wconf 87' lang='lat' dir='ltr'>fama</span> <span class='ocrx_word' id='word_1_39' title='bbox 1585 1269 1642 1333; x_wconf 90' lang='lat' dir='ltr'>per</span> <span class='ocrx_word' id='word_1_40' title='bbox 1663 1247 1772 1313; x_wconf 87' lang='lat' dir='ltr'>hostes</span> 
     </span>
     <span class='ocr_line' id='line_1_8' title="bbox 951 1350 1783 1436; baseline -0.002 -18"><span class='ocrx_word' id='word_1_41' title='bbox 951 1359 1041 1419; x_wconf 88' lang='lat' dir='ltr'>tanta</span> <span class='ocrx_word' id='word_1_42' title='bbox 1062 1352 1150 1418; x_wconf 89' lang='lat' dir='ltr'>volat</span> <span class='ocrx_word' id='word_1_43' title='bbox 1170 1359 1347 1436; x_wconf 77' lang='lat' dir='ltr'>gentesque</span> <span class='ocrx_word' id='word_1_44' title='bbox 1369 1353 1455 1418; x_wconf 86' lang='lat' dir='ltr'>feras</span> <span class='ocrx_word' id='word_1_45' title='bbox 1478 1360 1511 1418; x_wconf 87' lang='lat' dir='ltr'>et</span> <span class='ocrx_word' id='word_1_46' title='bbox 1532 1373 1632 1436; x_wconf 87' lang='lat' dir='ltr'>regna</span> <span class='ocrx_word' id='word_1_47' title='bbox 1653 1350 1783 1435; x_wconf 84' lang='lat' dir='ltr'>fatigat,</span> 
     </span>
     <span class='ocr_line' id='line_1_9' title="bbox 951 1455 1815 1541; baseline -0.003 -19"><span class='ocrx_word' id='word_1_48' title='bbox 951 1476 1070 1540; x_wconf 82' lang='lat' dir='ltr'>perque</span> <span class='ocrx_word' id='word_1_49' title='bbox 1092 1462 1166 1520; x_wconf 89' lang='lat' dir='ltr'>tuae</span> <span class='ocrx_word' id='word_1_50' title='bbox 1189 1455 1314 1521; x_wconf 86' lang='lat' dir='ltr'>virtutis</span> <span class='ocrx_word' id='word_1_51' title='bbox 1336 1475 1432 1541; x_wconf 86' lang='lat' dir='ltr'>opus,</span> <span class='ocrx_word' id='word_1_52' title='bbox 1459 1477 1521 1540; x_wconf 92' lang='lat' dir='ltr'>quo</span> <span class='ocrx_word' id='word_1_53' title='bbox 1544 1456 1646 1520; x_wconf 90' lang='lat' dir='ltr'>victus</span> <span class='ocrx_word' id='word_1_54' title='bbox 1668 1456 1815 1537; x_wconf 82' lang='lat' dir='ltr'>llaguas,</span> 
     </span>
     <span class='ocr_line' id='line_1_10' title="bbox 952 1557 1894 1643; baseline -0.002 -20"><span class='ocrx_word' id='word_1_55' title='bbox 952 1558 1026 1624; x_wconf 93' lang='lat' dir='ltr'>huic</span> <span class='ocrx_word' id='word_1_56' title='bbox 1047 1558 1174 1624; x_wconf 87' lang='lat' dir='ltr'>animae</span> <span class='ocrx_word' id='word_1_57' title='bbox 1196 1558 1351 1640; x_wconf 86' lang='lat' dir='ltr'>concede,</span> <span class='ocrx_word' id='word_1_58' title='bbox 1377 1579 1505 1643; x_wconf 81' lang='lat' dir='ltr'>precor,</span> <span class='ocrx_word' id='word_1_59' title='bbox 1531 1567 1603 1643; x_wconf 90' lang='lat' dir='ltr'>post</span> <span class='ocrx_word' id='word_1_60' title='bbox 1625 1558 1758 1623; x_wconf 90' lang='lat' dir='ltr'>crimina</span> <span class='ocrx_word' id='word_1_61' title='bbox 1780 1557 1894 1637; x_wconf 88' lang='lat' dir='ltr'>vitam,</span> 
     </span>
     <span class='ocr_line' id='line_1_11' title="bbox 951 1660 1832 1747; baseline -0.002 -21"><span class='ocrx_word' id='word_1_62' title='bbox 951 1681 1066 1745; x_wconf 89' lang='lat' dir='ltr'>meque</span> <span class='ocrx_word' id='word_1_63' title='bbox 1088 1661 1168 1743; x_wconf 86' lang='lat' dir='ltr'>tuis,</span> <span class='ocrx_word' id='word_1_64' title='bbox 1195 1662 1311 1742; x_wconf 84' lang='lat' dir='ltr'>victor,</span> <span class='ocrx_word' id='word_1_65' title='bbox 1338 1681 1431 1727; x_wconf 89' lang='lat' dir='ltr'>serva</span> <span class='ocrx_word' id='word_1_66' title='bbox 1452 1668 1525 1747; x_wconf 90' lang='lat' dir='ltr'>post</span> <span class='ocrx_word' id='word_1_67' title='bbox 1545 1663 1633 1728; x_wconf 88' lang='lat' dir='ltr'>bella</span> <span class='ocrx_word' id='word_1_68' title='bbox 1654 1660 1832 1746; x_wconf 87' lang='lat' dir='ltr'>triumphis.</span> 
     </span>
     <span class='ocr_line' id='line_1_12' title="bbox 951 1764 1758 1848; baseline -0.002 -18"><span class='ocrx_word' id='word_1_69' title='bbox 951 1786 1026 1830; x_wconf 89' lang='lat' dir='ltr'>nam</span> <span class='ocrx_word' id='word_1_70' title='bbox 1049 1764 1108 1831; x_wconf 85' lang='lat' dir='ltr'>tali</span> <span class='ocrx_word' id='word_1_71' title='bbox 1130 1764 1251 1830; x_wconf 88' lang='lat' dir='ltr'>servire</span> <span class='ocrx_word' id='word_1_72' title='bbox 1273 1765 1388 1830; x_wconf 77' lang='lat' dir='ltr'>iuvat&#39;,</span> <span class='ocrx_word' id='word_1_73' title='bbox 1434 1786 1497 1848; x_wconf 89' lang='lat' dir='ltr'>qua</span> <span class='ocrx_word' id='word_1_74' title='bbox 1520 1786 1597 1831; x_wconf 91' lang='lat' dir='ltr'>voce</span> <span class='ocrx_word' id='word_1_75' title='bbox 1619 1764 1758 1830; x_wconf 86' lang='lat' dir='ltr'>reflexus</span> 
     </span>
     <span class='ocr_line' id='line_1_13' title="bbox 951 1868 1799 1952; baseline -0.004 -17"><span class='ocrx_word' id='word_1_76' title='bbox 951 1868 1085 1935; x_wconf 89' lang='lat' dir='ltr'>vulnera</span> <span class='ocrx_word' id='word_1_77' title='bbox 1107 1869 1269 1934; x_wconf 75' lang='lat' dir='ltr'>continuit.</span> <span class='ocrx_word' id='word_1_78' title='bbox 1315 1869 1410 1934; x_wconf 84' lang='lat' dir='ltr'>velox</span> <span class='ocrx_word' id='word_1_79' title='bbox 1432 1876 1539 1934; x_wconf 92' lang='lat' dir='ltr'>tamen</span> <span class='ocrx_word' id='word_1_80' title='bbox 1559 1868 1667 1952; x_wconf 85' lang='lat' dir='ltr'>illigat</span> <span class='ocrx_word' id='word_1_81' title='bbox 1687 1868 1799 1933; x_wconf 86' lang='lat' dir='ltr'>ambos</span> 
     </span>
     <span class='ocr_line' id='line_1_14' title="bbox 951 1970 1794 2056; baseline 0 -21"><span class='ocrx_word' id='word_1_82' title='bbox 951 1976 1023 2055; x_wconf 86' lang='lat' dir='ltr'>post</span> <span class='ocrx_word' id='word_1_83' title='bbox 1045 1978 1170 2053; x_wconf 91' lang='lat' dir='ltr'>tergum</span> <span class='ocrx_word' id='word_1_84' title='bbox 1192 1970 1365 2056; x_wconf 87' lang='lat' dir='ltr'>implicitos</span> <span class='ocrx_word' id='word_1_85' title='bbox 1387 1971 1529 2037; x_wconf 87' lang='lat' dir='ltr'>mordaci</span> <span class='ocrx_word' id='word_1_86' title='bbox 1551 1970 1627 2035; x_wconf 90' lang='lat' dir='ltr'>fune</span> <span class='ocrx_word' id='word_1_87' title='bbox 1649 1970 1794 2036; x_wconf 89' lang='lat' dir='ltr'>lacertos.</span> 
     </span>
     <span class='ocr_line' id='line_1_15' title="bbox 1037 2073 1815 2140; baseline 0.001 -2"><span class='ocrx_word' id='word_1_88' title='bbox 1037 2074 1123 2139; x_wconf 87' lang='lat' dir='ltr'>mitis</span> <span class='ocrx_word' id='word_1_89' title='bbox 1144 2073 1178 2139; x_wconf 90' lang='lat' dir='ltr'>in</span> <span class='ocrx_word' id='word_1_90' title='bbox 1199 2073 1353 2140; x_wconf 86' lang='lat' dir='ltr'>immitem</span> <span class='ocrx_word' id='word_1_91' title='bbox 1376 2074 1563 2139; x_wconf 80' lang='lat' dir='ltr'>Recinarius</span> <span class='ocrx_word' id='word_1_92' title='bbox 1585 2073 1676 2138; x_wconf 88' lang='lat' dir='ltr'>irruit</span> <span class='ocrx_word' id='word_1_93' title='bbox 1697 2073 1815 2139; x_wconf 87' lang='lat' dir='ltr'>Vrtanc</span> 
     </span>
     <span class='ocr_line' id='line_1_16' title="bbox 950 2175 1854 2261; baseline -0.001 -18"><span class='ocrx_word' id='word_1_94' title='bbox 950 2197 1070 2261; x_wconf 82' lang='lat' dir='ltr'>perque</span> <span class='ocrx_word' id='word_1_95' title='bbox 1093 2177 1152 2241; x_wconf 82' lang='lat' dir='ltr'>vili</span> <span class='ocrx_word' id='word_1_96' title='bbox 1174 2184 1285 2261; x_wconf 87' lang='lat' dir='ltr'>pectus</span> <span class='ocrx_word' id='word_1_97' title='bbox 1307 2177 1442 2261; x_wconf 89' lang='lat' dir='ltr'>rigidam</span> <span class='ocrx_word' id='word_1_98' title='bbox 1466 2178 1551 2243; x_wconf 91' lang='lat' dir='ltr'>celer</span> <span class='ocrx_word' id='word_1_99' title='bbox 1571 2175 1699 2260; x_wconf 88' lang='lat' dir='ltr'>impulit</span> <span class='ocrx_word' id='word_1_100' title='bbox 1719 2177 1854 2243; x_wconf 87' lang='lat' dir='ltr'>hastam.</span> 
     </span>
     <span class='ocr_line' id='line_1_17' title="bbox 952 2279 1816 2366; baseline -0.001 -19"><span class='ocrx_word' id='word_1_101' title='bbox 952 2279 1068 2347; x_wconf 88' lang='lat' dir='ltr'>corruit</span> <span class='ocrx_word' id='word_1_102' title='bbox 1089 2288 1164 2346; x_wconf 90' lang='lat' dir='ltr'>ante</span> <span class='ocrx_word' id='word_1_103' title='bbox 1187 2279 1303 2366; x_wconf 87' lang='lat' dir='ltr'>pedes,</span> <span class='ocrx_word' id='word_1_104' title='bbox 1328 2280 1407 2345; x_wconf 90' lang='lat' dir='ltr'>belli</span> <span class='ocrx_word' id='word_1_105' title='bbox 1430 2302 1504 2365; x_wconf 88' lang='lat' dir='ltr'>pars</span> <span class='ocrx_word' id='word_1_106' title='bbox 1527 2299 1645 2363; x_wconf 87' lang='lat' dir='ltr'>magna</span> <span class='ocrx_word' id='word_1_107' title='bbox 1666 2280 1816 2362; x_wconf 75' lang='lat' dir='ltr'>nefandi,</span> 
     </span>
     <span class='ocr_line' id='line_1_18' title="bbox 951 2383 1850 2469; baseline 0.001 -21"><span class='ocrx_word' id='word_1_108' title='bbox 951 2385 1173 2468; x_wconf 79' lang='lat' dir='ltr'>magnanimus</span> <span class='ocrx_word' id='word_1_109' title='bbox 1195 2383 1320 2450; x_wconf 89' lang='lat' dir='ltr'>iuvenis</span> <span class='ocrx_word' id='word_1_110' title='bbox 1342 2404 1504 2466; x_wconf 90' lang='lat' dir='ltr'>nunquam</span> <span class='ocrx_word' id='word_1_111' title='bbox 1526 2385 1850 2469; x_wconf 69' lang='lat' dir='ltr'>praescissuram,</span> 
     </span>
     <span class='ocr_line' id='line_1_19' title="bbox 950 2487 1782 2572; baseline 0.001 -19"><span class='ocrx_word' id='word_1_112' title='bbox 950 2495 1046 2570; x_wconf 90' lang='lat' dir='ltr'>atque</span> <span class='ocrx_word' id='word_1_113' title='bbox 1068 2488 1170 2554; x_wconf 91' lang='lat' dir='ltr'>solum</span> <span class='ocrx_word' id='word_1_114' title='bbox 1194 2487 1262 2553; x_wconf 91' lang='lat' dir='ltr'>diro</span> <span class='ocrx_word' id='word_1_115' title='bbox 1284 2487 1427 2553; x_wconf 88' lang='lat' dir='ltr'>foedavit</span> <span class='ocrx_word' id='word_1_116' title='bbox 1450 2489 1616 2572; x_wconf 84' lang='lat' dir='ltr'>sanguine.</span> <span class='ocrx_word' id='word_1_117' title='bbox 1663 2489 1782 2554; x_wconf 88' lang='lat' dir='ltr'>Meilan</span> 
     </span>
     <span class='ocr_line' id='line_1_20' title="bbox 951 2590 1884 2677; baseline -0.001 -20"><span class='ocrx_word' id='word_1_118' title='bbox 951 2591 1068 2657; x_wconf 91' lang='lat' dir='ltr'>deinde</span> <span class='ocrx_word' id='word_1_119' title='bbox 1091 2591 1171 2676; x_wconf 89' lang='lat' dir='ltr'>petit</span> <span class='ocrx_word' id='word_1_120' title='bbox 1193 2590 1354 2673; x_wconf 85' lang='lat' dir='ltr'>validum,</span> <span class='ocrx_word' id='word_1_121' title='bbox 1380 2591 1491 2656; x_wconf 88' lang='lat' dir='ltr'>valida</span> <span class='ocrx_word' id='word_1_122' title='bbox 1513 2611 1607 2673; x_wconf 91' lang='lat' dir='ltr'>quem</span> <span class='ocrx_word' id='word_1_123' title='bbox 1630 2592 1762 2677; x_wconf 81' lang='lat' dir='ltr'>cuspide</span> <span class='ocrx_word' id='word_1_124' title='bbox 1784 2591 1884 2657; x_wconf 91' lang='lat' dir='ltr'>vietor</span> 
     </span>
     <span class='ocr_line' id='line_1_21' title="bbox 950 2693 1753 2780; baseline 0 -21"><span class='ocrx_word' id='word_1_125' title='bbox 950 2693 1048 2759; x_wconf 80' lang='lat' dir='ltr'>deicit</span> <span class='ocrx_word' id='word_1_126' title='bbox 1068 2694 1240 2779; x_wconf 88' lang='lat' dir='ltr'>impulsum</span> <span class='ocrx_word' id='word_1_127' title='bbox 1262 2693 1454 2780; x_wconf 88' lang='lat' dir='ltr'>tepidaeque</span> <span class='ocrx_word' id='word_1_128' title='bbox 1476 2694 1582 2778; x_wconf 88' lang='lat' dir='ltr'>infigit</span> <span class='ocrx_word' id='word_1_129' title='bbox 1602 2694 1753 2761; x_wconf 87' lang='lat' dir='ltr'>harenae.</span> 
     </span>
     <span class='ocr_line' id='line_1_22' title="bbox 951 2796 1830 2880; baseline -0.001 -17"><span class='ocrx_word' id='word_1_130' title='bbox 951 2797 1105 2864; x_wconf 90' lang='lat' dir='ltr'>fulmineo</span> <span class='ocrx_word' id='word_1_131' title='bbox 1127 2803 1223 2880; x_wconf 89' lang='lat' dir='ltr'>caput</span> <span class='ocrx_word' id='word_1_132' title='bbox 1245 2816 1321 2863; x_wconf 88' lang='lat' dir='ltr'>ense</span> <span class='ocrx_word' id='word_1_133' title='bbox 1344 2804 1466 2864; x_wconf 88' lang='lat' dir='ltr'>metens</span> <span class='ocrx_word' id='word_1_134' title='bbox 1489 2797 1657 2864; x_wconf 86' lang='lat' dir='ltr'>detruncat</span> <span class='ocrx_word' id='word_1_135' title='bbox 1677 2796 1830 2880; x_wconf 79' lang='lat' dir='ltr'>Alantas,</span> 
     </span>
     <span class='ocr_line' id='line_1_23' title="bbox 950 2900 1775 2987; baseline -0.004 -20"><span class='ocrx_word' id='word_1_136' title='bbox 950 2906 983 2967; x_wconf 91' lang='lat' dir='ltr'>et</span> <span class='ocrx_word' id='word_1_137' title='bbox 1004 2901 1130 2984; x_wconf 89' lang='lat' dir='ltr'>nigrum</span> <span class='ocrx_word' id='word_1_138' title='bbox 1154 2901 1289 2966; x_wconf 86' lang='lat' dir='ltr'>Sacoma</span> <span class='ocrx_word' id='word_1_139' title='bbox 1311 2900 1385 2967; x_wconf 90' lang='lat' dir='ltr'>ferit</span> <span class='ocrx_word' id='word_1_140' title='bbox 1405 2921 1463 2987; x_wconf 92' lang='lat' dir='ltr'>per</span> <span class='ocrx_word' id='word_1_141' title='bbox 1483 2908 1576 2986; x_wconf 85' lang='lat' dir='ltr'>prata</span> <span class='ocrx_word' id='word_1_142' title='bbox 1596 2901 1775 2968; x_wconf 90' lang='lat' dir='ltr'>cadentem.</span> 
     </span>
     <span class='ocr_line' id='line_1_24' title="bbox 950 3004 1848 3087; baseline 0 -16"><span class='ocrx_word' id='word_1_143' title='bbox 950 3004 1073 3071; x_wconf 83' lang='lat' dir='ltr'>horruit</span> <span class='ocrx_word' id='word_1_144' title='bbox 1094 3025 1168 3071; x_wconf 88' lang='lat' dir='ltr'>acer</span> <span class='ocrx_word' id='word_1_145' title='bbox 1189 3024 1307 3087; x_wconf 85' lang='lat' dir='ltr'>equus,</span> <span class='ocrx_word' id='word_1_146' title='bbox 1333 3005 1526 3087; x_wconf 88' lang='lat' dir='ltr'>mollemque</span> <span class='ocrx_word' id='word_1_147' title='bbox 1547 3005 1676 3072; x_wconf 92' lang='lat' dir='ltr'>obtrivit</span> <span class='ocrx_word' id='word_1_148' title='bbox 1697 3006 1848 3071; x_wconf 87' lang='lat' dir='ltr'>harenam</span> 
     </span>
     <span class='ocr_line' id='line_1_25' title="bbox 950 3108 1803 3193; baseline -0.001 -19"><span class='ocrx_word' id='word_1_149' title='bbox 950 3109 1072 3192; x_wconf 88' lang='lat' dir='ltr'>ungula</span> <span class='ocrx_word' id='word_1_150' title='bbox 1093 3126 1205 3193; x_wconf 87' lang='lat' dir='ltr'>pressa</span> <span class='ocrx_word' id='word_1_151' title='bbox 1226 3115 1312 3174; x_wconf 88' lang='lat' dir='ltr'>metu</span> <span class='ocrx_word' id='word_1_152' title='bbox 1330 3108 1496 3191; x_wconf 86' lang='lat' dir='ltr'>voluitque</span> <span class='ocrx_word' id='word_1_153' title='bbox 1518 3108 1552 3173; x_wconf 91' lang='lat' dir='ltr'>in</span> <span class='ocrx_word' id='word_1_154' title='bbox 1574 3115 1666 3193; x_wconf 86' lang='lat' dir='ltr'>terga</span> <span class='ocrx_word' id='word_1_155' title='bbox 1688 3108 1803 3175; x_wconf 89' lang='lat' dir='ltr'>redire.</span> 
     </span>
     <span class='ocr_line' id='line_1_26' title="bbox 950 3210 1721 3296; baseline -0.003 -17"><span class='ocrx_word' id='word_1_156' title='bbox 950 3212 1009 3279; x_wconf 90' lang='lat' dir='ltr'>sed</span> <span class='ocrx_word' id='word_1_157' title='bbox 1031 3212 1113 3279; x_wconf 87' lang='lat' dir='ltr'>levis</span> <span class='ocrx_word' id='word_1_158' title='bbox 1135 3231 1271 3278; x_wconf 85' lang='lat' dir='ltr'>excusso</span> <span class='ocrx_word' id='word_1_159' title='bbox 1293 3211 1481 3277; x_wconf 88' lang='lat' dir='ltr'>Recinarius</span> <span class='ocrx_word' id='word_1_160' title='bbox 1503 3212 1571 3278; x_wconf 84' lang='lat' dir='ltr'>alta</span> <span class='ocrx_word' id='word_1_161' title='bbox 1591 3210 1721 3296; x_wconf 85' lang='lat' dir='ltr'>flagello</span> 
     </span>
     <span class='ocr_line' id='line_1_27' title="bbox 949 3312 1705 3400; baseline 0 -20"><span class='ocrx_word' id='word_1_162' title='bbox 949 3313 1009 3381; x_wconf 85' lang='lat' dir='ltr'>ilia</span> <span class='ocrx_word' id='word_1_163' title='bbox 1031 3313 1215 3381; x_wconf 87' lang='lat' dir='ltr'>concutiens</span> <span class='ocrx_word' id='word_1_164' title='bbox 1237 3313 1312 3380; x_wconf 87' lang='lat' dir='ltr'>latis</span> <span class='ocrx_word' id='word_1_165' title='bbox 1335 3312 1486 3399; x_wconf 75' lang='lat' dir='ltr'>palidum</span> <span class='ocrx_word' id='word_1_166' title='bbox 1509 3314 1637 3400; x_wconf 88' lang='lat' dir='ltr'>impulit</span> <span class='ocrx_word' id='word_1_167' title='bbox 1658 3315 1705 3380; x_wconf 86' lang='lat' dir='ltr'>ire</span> 
     </span>
     <span class='ocr_line' id='line_1_28' title="bbox 949 3417 1919 3504; baseline -0.005 -17"><span class='ocrx_word' id='word_1_168' title='bbox 949 3417 1152 3504; x_wconf 83' lang='lat' dir='ltr'>cornipedem</span> <span class='ocrx_word' id='word_1_169' title='bbox 1175 3417 1307 3503; x_wconf 90' lang='lat' dir='ltr'>campis.</span> <span class='ocrx_word' id='word_1_170' title='bbox 1354 3417 1386 3483; x_wconf 93' lang='lat' dir='ltr'>vi</span> <span class='ocrx_word' id='word_1_171' title='bbox 1408 3424 1575 3503; x_wconf 86' lang='lat' dir='ltr'>postquam</span> <span class='ocrx_word' id='word_1_172' title='bbox 1599 3438 1714 3503; x_wconf 86' lang='lat' dir='ltr'>corpus</span> <span class='ocrx_word' id='word_1_173' title='bbox 1735 3419 1919 3503; x_wconf 90' lang='lat' dir='ltr'>ademptum</span> 
     </span>
     <span class='ocr_line' id='line_1_29' title="bbox 948 3521 1810 3607; baseline -0.001 -18"><span class='ocrx_word' id='word_1_174' title='bbox 948 3522 1075 3590; x_wconf 86' lang='lat' dir='ltr'>transiit</span> <span class='ocrx_word' id='word_1_175' title='bbox 1096 3521 1253 3607; x_wconf 88' lang='lat' dir='ltr'>impulsus</span> <span class='ocrx_word' id='word_1_176' title='bbox 1276 3521 1423 3607; x_wconf 86' lang='lat' dir='ltr'>sonipes,</span> <span class='ocrx_word' id='word_1_177' title='bbox 1449 3528 1524 3587; x_wconf 91' lang='lat' dir='ltr'>tunc</span> <span class='ocrx_word' id='word_1_178' title='bbox 1546 3523 1648 3588; x_wconf 89' lang='lat' dir='ltr'>Marte</span> <span class='ocrx_word' id='word_1_179' title='bbox 1671 3522 1810 3589; x_wconf 89' lang='lat' dir='ltr'>seeundo</span> 
     </span>
     <span class='ocr_line' id='line_1_30' title="bbox 949 3625 1736 3711; baseline -0.003 -18"><span class='ocrx_word' id='word_1_180' title='bbox 949 3628 1063 3693; x_wconf 87' lang='lat' dir='ltr'>funera</span> <span class='ocrx_word' id='word_1_181' title='bbox 1086 3626 1277 3705; x_wconf 84' lang='lat' dir='ltr'>convolvens</span> <span class='ocrx_word' id='word_1_182' title='bbox 1300 3632 1332 3692; x_wconf 90' lang='lat' dir='ltr'>et</span> <span class='ocrx_word' id='word_1_183' title='bbox 1353 3625 1428 3692; x_wconf 88' lang='lat' dir='ltr'>telis</span> <span class='ocrx_word' id='word_1_184' title='bbox 1451 3626 1577 3711; x_wconf 87' lang='lat' dir='ltr'>Syrtica</span> <span class='ocrx_word' id='word_1_185' title='bbox 1598 3626 1736 3692; x_wconf 86' lang='lat' dir='ltr'>miscens</span> 
     </span>
     <span class='ocr_line' id='line_1_31' title="bbox 949 3729 1734 3815; baseline -0.001 -20"><span class='ocrx_word' id='word_1_186' title='bbox 949 3730 1081 3815; x_wconf 82' lang='lat' dir='ltr'>agmina</span> <span class='ocrx_word' id='word_1_187' title='bbox 1102 3729 1262 3814; x_wconf 87' lang='lat' dir='ltr'>perlatos</span> <span class='ocrx_word' id='word_1_188' title='bbox 1285 3729 1441 3795; x_wconf 83' lang='lat' dir='ltr'>volitabat</span> <span class='ocrx_word' id='word_1_189' title='bbox 1462 3729 1605 3795; x_wconf 90' lang='lat' dir='ltr'>fervidus</span> <span class='ocrx_word' id='word_1_190' title='bbox 1627 3750 1734 3812; x_wconf 88' lang='lat' dir='ltr'>agros.</span> 
     </span>
     <span class='ocr_line' id='line_1_32' title="bbox 949 3832 1917 3917; baseline 0.001 -19"><span class='ocrx_word' id='word_1_191' title='bbox 949 3841 1024 3898; x_wconf 93' lang='lat' dir='ltr'>tnnc</span> <span class='ocrx_word' id='word_1_192' title='bbox 1046 3833 1183 3898; x_wconf 89' lang='lat' dir='ltr'>celerem</span> <span class='ocrx_word' id='word_1_193' title='bbox 1205 3833 1376 3917; x_wconf 88' lang='lat' dir='ltr'>prosternit</span> <span class='ocrx_word' id='word_1_194' title='bbox 1396 3832 1482 3897; x_wconf 84' lang='lat' dir='ltr'>Afnn</span> <span class='ocrx_word' id='word_1_195' title='bbox 1504 3833 1681 3916; x_wconf 88' lang='lat' dir='ltr'>fortemque</span> <span class='ocrx_word' id='word_1_196' title='bbox 1704 3833 1917 3911; x_wconf 74' lang='lat' dir='ltr'>Nicandrum,</span> 
     </span>
     <span class='ocr_line' id='line_1_33' title="bbox 949 3934 1733 4021; baseline 0 -20"><span class='ocrx_word' id='word_1_197' title='bbox 949 3955 1127 4021; x_wconf 87' lang='lat' dir='ltr'>asperaque</span> <span class='ocrx_word' id='word_1_198' title='bbox 1149 3934 1247 4001; x_wconf 79' lang='lat' dir='ltr'>infixo</span> <span class='ocrx_word' id='word_1_199' title='bbox 1270 3936 1448 4019; x_wconf 88' lang='lat' dir='ltr'>geminavit</span> <span class='ocrx_word' id='word_1_200' title='bbox 1468 3937 1602 4001; x_wconf 90' lang='lat' dir='ltr'>vulnera</span> <span class='ocrx_word' id='word_1_201' title='bbox 1624 3936 1733 4002; x_wconf 86' lang='lat' dir='ltr'>Sucro.</span> 
     </span>
     <span class='ocr_line' id='line_1_34' title="bbox 950 4036 1866 4121; baseline -0.002 -17"><span class='ocrx_word' id='word_1_202' title='bbox 950 4037 1025 4104; x_wconf 90' lang='lat' dir='ltr'>inde</span> <span class='ocrx_word' id='word_1_203' title='bbox 1047 4044 1141 4104; x_wconf 88' lang='lat' dir='ltr'>necat</span> <span class='ocrx_word' id='word_1_204' title='bbox 1162 4036 1347 4120; x_wconf 88' lang='lat' dir='ltr'>Tanadum,</span> <span class='ocrx_word' id='word_1_205' title='bbox 1373 4039 1549 4121; x_wconf 89' lang='lat' dir='ltr'>fortemque</span> <span class='ocrx_word' id='word_1_206' title='bbox 1572 4039 1685 4104; x_wconf 90' lang='lat' dir='ltr'>sternit</span> <span class='ocrx_word' id='word_1_207' title='bbox 1707 4040 1866 4105; x_wconf 83' lang='lat' dir='ltr'>Erancun.</span> 
     </span>
     <span class='ocr_line' id='line_1_35' title="bbox 950 4139 1776 4228; baseline 0.001 -21"><span class='ocrx_word' id='word_1_208' title='bbox 950 4156 1028 4207; x_wconf 86' lang='lat' dir='ltr'>ense</span> <span class='ocrx_word' id='word_1_209' title='bbox 1051 4139 1126 4206; x_wconf 90' lang='lat' dir='ltr'>ferit</span> <span class='ocrx_word' id='word_1_210' title='bbox 1146 4140 1325 4221; x_wconf 75' lang='lat' dir='ltr'>Tinudum‚</span> <span class='ocrx_word' id='word_1_211' title='bbox 1351 4140 1479 4225; x_wconf 90' lang='lat' dir='ltr'>piloque</span> <span class='ocrx_word' id='word_1_212' title='bbox 1501 4141 1606 4225; x_wconf 88' lang='lat' dir='ltr'>infigit</span> <span class='ocrx_word' id='word_1_213' title='bbox 1628 4143 1776 4228; x_wconf 83' lang='lat' dir='ltr'>Enipten.</span> 
     </span>
     <span class='ocr_line' id='line_1_36' title="bbox 1035 4243 1949 4330; baseline 0.002 -21"><span class='ocrx_word' id='word_1_214' title='bbox 1035 4243 1204 4310; x_wconf 85' lang='lat' dir='ltr'>Bulmitzis</span> <span class='ocrx_word' id='word_1_215' title='bbox 1227 4243 1397 4309; x_wconf 86' lang='lat' dir='ltr'>Tumudan</span> <span class='ocrx_word' id='word_1_216' title='bbox 1419 4252 1511 4309; x_wconf 89' lang='lat' dir='ltr'>conto</span> <span class='ocrx_word' id='word_1_217' title='bbox 1534 4245 1665 4330; x_wconf 87' lang='lat' dir='ltr'>premit,</span> <span class='ocrx_word' id='word_1_218' title='bbox 1691 4246 1766 4312; x_wconf 91' lang='lat' dir='ltr'>inde</span> <span class='ocrx_word' id='word_1_219' title='bbox 1789 4245 1949 4313; x_wconf 86' lang='lat' dir='ltr'>Licurdan</span> 
     </span>
     <span class='ocr_line' id='line_1_37' title="bbox 949 4346 1795 4432; baseline 0.001 -19"><span class='ocrx_word' id='word_1_220' title='bbox 949 4347 1043 4414; x_wconf 88' lang='lat' dir='ltr'>fortis</span> <span class='ocrx_word' id='word_1_221' title='bbox 1064 4347 1133 4431; x_wconf 84' lang='lat' dir='ltr'>agit</span> <span class='ocrx_word' id='word_1_222' title='bbox 1154 4346 1287 4432; x_wconf 89' lang='lat' dir='ltr'>campis.</span> <span class='ocrx_word' id='word_1_223' title='bbox 1334 4347 1433 4412; x_wconf 89' lang='lat' dir='ltr'>telum</span> <span class='ocrx_word' id='word_1_224' title='bbox 1456 4368 1514 4432; x_wconf 90' lang='lat' dir='ltr'>per</span> <span class='ocrx_word' id='word_1_225' title='bbox 1535 4354 1627 4432; x_wconf 87' lang='lat' dir='ltr'>terga</span> <span class='ocrx_word' id='word_1_226' title='bbox 1648 4349 1795 4432; x_wconf 89' lang='lat' dir='ltr'>rebellis,</span> 
     </span>
     <span class='ocr_line' id='line_1_38' title="bbox 949 4448 1776 4538; baseline 0.002 -22"><span class='ocrx_word' id='word_1_227' title='bbox 949 4471 1007 4538; x_wconf 88' lang='lat' dir='ltr'>per</span> <span class='ocrx_word' id='word_1_228' title='bbox 1028 4451 1125 4517; x_wconf 86' lang='lat' dir='ltr'>fibras</span> <span class='ocrx_word' id='word_1_229' title='bbox 1147 4450 1266 4536; x_wconf 86' lang='lat' dir='ltr'>pariter</span> <span class='ocrx_word' id='word_1_230' title='bbox 1286 4450 1467 4516; x_wconf 88' lang='lat' dir='ltr'>discurrens</span> <span class='ocrx_word' id='word_1_231' title='bbox 1490 4458 1619 4534; x_wconf 88' lang='lat' dir='ltr'>pectora</span> <span class='ocrx_word' id='word_1_232' title='bbox 1640 4453 1736 4537; x_wconf 86' lang='lat' dir='ltr'>rupit.</span> <span class='ocrx_word' id='word_1_233' title='bbox 1771 4448 1776 4453; x_wconf 74' lang='grc'><strong><em>’</em></strong></span> 
     </span>
     <span class='ocr_line' id='line_1_39' title="bbox 950 4552 1831 4638; baseline -0.001 -17"><span class='ocrx_word' id='word_1_234' title='bbox 950 4555 1057 4621; x_wconf 88' lang='lat' dir='ltr'>celsus</span> <span class='ocrx_word' id='word_1_235' title='bbox 1079 4574 1160 4638; x_wconf 92' lang='lat' dir='ltr'>equo</span> <span class='ocrx_word' id='word_1_236' title='bbox 1182 4552 1285 4619; x_wconf 86' lang='lat' dir='ltr'>fidens</span> <span class='ocrx_word' id='word_1_237' title='bbox 1308 4553 1409 4619; x_wconf 88' lang='lat' dir='ltr'>fertur</span> <span class='ocrx_word' id='word_1_238' title='bbox 1431 4572 1528 4638; x_wconf 89' lang='lat' dir='ltr'>super</span> <span class='ocrx_word' id='word_1_239' title='bbox 1549 4554 1679 4637; x_wconf 78' lang='lat' dir='ltr'>agmina</span> <span class='ocrx_word' id='word_1_240' title='bbox 1701 4555 1831 4620; x_wconf 85' lang='lat' dir='ltr'>Succur.</span> 
     </span>
     <span class='ocr_line' id='line_1_40' title="bbox 949 4657 2040 4743; baseline -0.001 -19"><span class='ocrx_word' id='word_1_241' title='bbox 949 4658 1035 4724; x_wconf 91' lang='lat' dir='ltr'>hunc</span> <span class='ocrx_word' id='word_1_242' title='bbox 1057 4657 1223 4723; x_wconf 87' lang='lat' dir='ltr'>Solumuth</span> <span class='ocrx_word' id='word_1_243' title='bbox 1247 4658 1400 4740; x_wconf 88' lang='lat' dir='ltr'>sequitur.</span> <span class='ocrx_word' id='word_1_244' title='bbox 1444 4677 1538 4739; x_wconf 92' lang='lat' dir='ltr'>quem</span> <span class='ocrx_word' id='word_1_245' title='bbox 1561 4678 1631 4723; x_wconf 91' lang='lat' dir='ltr'>cum</span> <span class='ocrx_word' id='word_1_246' title='bbox 1654 4679 1715 4723; x_wconf 92' lang='lat' dir='ltr'>non</span> <span class='ocrx_word' id='word_1_247' title='bbox 1738 4659 1894 4742; x_wconf 91' lang='lat' dir='ltr'>prendere</span> <span class='ocrx_word' id='word_1_248' title='bbox 1915 4667 2040 4743; x_wconf 77' lang='lat' dir='ltr'>posset⁷</span> 
     </span>
     <span class='ocr_line' id='line_1_41' title="bbox 950 4760 1823 4846; baseline -0.002 -19"><span class='ocrx_word' id='word_1_249' title='bbox 950 4761 1127 4827; x_wconf 81' lang='lat' dir='ltr'>fraxineam</span> <span class='ocrx_word' id='word_1_250' title='bbox 1149 4768 1299 4844; x_wconf 86' lang='lat' dir='ltr'>torquens</span> <span class='ocrx_word' id='word_1_251' title='bbox 1321 4781 1379 4846; x_wconf 92' lang='lat' dir='ltr'>per</span> <span class='ocrx_word' id='word_1_252' title='bbox 1401 4780 1529 4846; x_wconf 90' lang='lat' dir='ltr'>campos</span> <span class='ocrx_word' id='word_1_253' title='bbox 1551 4760 1674 4826; x_wconf 92' lang='lat' dir='ltr'>eminus</span> <span class='ocrx_word' id='word_1_254' title='bbox 1697 4762 1823 4828; x_wconf 88' lang='lat' dir='ltr'>hastam</span> 
     </span>
     <span class='ocr_line' id='line_1_42' title="bbox 950 4862 1669 4950; baseline -0.003 -20"><span class='ocrx_word' id='word_1_255' title='bbox 950 4864 1087 4950; x_wconf 91' lang='lat' dir='ltr'>alipedis</span> <span class='ocrx_word' id='word_1_256' title='bbox 1109 4862 1218 4928; x_wconf 88' lang='lat' dir='ltr'>valido</span> <span class='ocrx_word' id='word_1_257' title='bbox 1240 4864 1476 4929; x_wconf 87' lang='lat' dir='ltr'>transverberat</span> <span class='ocrx_word' id='word_1_258' title='bbox 1496 4863 1554 4928; x_wconf 87' lang='lat' dir='ltr'>ilia</span> <span class='ocrx_word' id='word_1_259' title='bbox 1575 4863 1669 4929; x_wconf 91' lang='lat' dir='ltr'>ferro.</span> 
     </span>
     <span class='ocr_line' id='line_1_43' title="bbox 950 4966 1755 5052; baseline 0 -19"><span class='ocrx_word' id='word_1_260' title='bbox 950 4971 1082 5035; x_wconf 92' lang='lat' dir='ltr'>vulnere</span> <span class='ocrx_word' id='word_1_261' title='bbox 1104 4987 1167 5052; x_wconf 90' lang='lat' dir='ltr'>quo</span> <span class='ocrx_word' id='word_1_262' title='bbox 1189 4967 1291 5032; x_wconf 86' lang='lat' dir='ltr'>victus</span> <span class='ocrx_word' id='word_1_263' title='bbox 1314 4967 1442 5052; x_wconf 88' lang='lat' dir='ltr'>sonipes</span> <span class='ocrx_word' id='word_1_264' title='bbox 1464 4966 1622 5050; x_wconf 87' lang='lat' dir='ltr'>gravitate</span> <span class='ocrx_word' id='word_1_265' title='bbox 1645 4968 1755 5034; x_wconf 86' lang='lat' dir='ltr'>ruinae</span> 
     </span>
     <span class='ocr_line' id='line_1_44' title="bbox 950 5068 1817 5153; baseline -0.003 -16"><span class='ocrx_word' id='word_1_266' title='bbox 950 5070 1109 5153; x_wconf 87' lang='lat' dir='ltr'>confregit</span> <span class='ocrx_word' id='word_1_267' title='bbox 1130 5068 1303 5135; x_wconf 87' lang='lat' dir='ltr'>dominum.</span> <span class='ocrx_word' id='word_1_268' title='bbox 1350 5069 1429 5134; x_wconf 90' lang='lat' dir='ltr'>belli</span> <span class='ocrx_word' id='word_1_269' title='bbox 1451 5069 1520 5134; x_wconf 92' lang='lat' dir='ltr'>sine</span> <span class='ocrx_word' id='word_1_270' title='bbox 1542 5069 1674 5135; x_wconf 91' lang='lat' dir='ltr'>vulnere</span> <span class='ocrx_word' id='word_1_271' title='bbox 1697 5069 1817 5135; x_wconf 86' lang='lat' dir='ltr'>Succur</span> 
     </span>
     <span class='ocr_line' id='line_1_45' title="bbox 950 5171 1852 5258; baseline -0.003 -19"><span class='ocrx_word' id='word_1_272' title='bbox 950 5172 1114 5240; x_wconf 89' lang='lat' dir='ltr'>infelicem</span> <span class='ocrx_word' id='word_1_273' title='bbox 1136 5172 1276 5238; x_wconf 86' lang='lat' dir='ltr'>animam</span> <span class='ocrx_word' id='word_1_274' title='bbox 1299 5172 1431 5258; x_wconf 85' lang='lat' dir='ltr'>Stygias</span> <span class='ocrx_word' id='word_1_275' title='bbox 1453 5172 1627 5237; x_wconf 81' lang='lat' dir='ltr'>transmisit</span> <span class='ocrx_word' id='word_1_276' title='bbox 1648 5171 1691 5237; x_wconf 90' lang='lat' dir='ltr'>ad</span> <span class='ocrx_word' id='word_1_277' title='bbox 1714 5173 1852 5238; x_wconf 89' lang='lat' dir='ltr'>umbras.</span> 
     </span>
    </p>
   </div>
   <div class='ocr_carea' id='block_1_3' title="bbox 565 5433 2184 5932">
    <p class='ocr_par' dir='ltr' id='par_1_3' title="bbox 565 5433 2184 5932">
     <span class='ocr_line' id='line_1_46' title="bbox 636 5433 2183 5496; baseline -0.003 -9"><span class='ocrx_word' id='word_1_278' title='bbox 636 5437 686 5489; x_wconf 80' lang='grc'>576</span> <span class='ocrx_word' id='word_1_279' title='bbox 704 5438 827 5487; x_wconf 77' lang='lat' dir='ltr'>Euanthia</span> <span class='ocrx_word' id='word_1_280' title='bbox 839 5439 878 5487; x_wconf 81' lang='lat' dir='ltr'>vel</span> <span class='ocrx_word' id='word_1_281' title='bbox 890 5437 982 5485; x_wconf 70' lang='lat' dir='ltr'>liuenti</span> <span class='ocrx_word' id='word_1_282' title='bbox 994 5438 1083 5484; x_wconf 62' lang='lat' dir='ltr'>mauors</span> <span class='ocrx_word' id='word_1_283' title='bbox 1097 5434 1174 5485; x_wconf 75' lang='lat' dir='ltr'>Mara.</span> <span class='ocrx_word' id='word_1_284' title='bbox 1257 5435 1369 5496; x_wconf 83' lang='lat' dir='ltr'>dignaT</span> <span class='ocrx_word' id='word_1_285' title='bbox 1471 5433 1519 5483; x_wconf 77' lang='grc'>579</span> <span class='ocrx_word' id='word_1_286' title='bbox 1537 5436 1607 5483; x_wconf 80' lang='lat' dir='ltr'>ferax</span> <span class='ocrx_word' id='word_1_287' title='bbox 1625 5434 1646 5480; x_wconf 76' lang='grc' dir='ltr'><strong>Τ</strong></span> <span class='ocrx_word' id='word_1_288' title='bbox 1748 5433 1797 5483; x_wconf 77' lang='grc'>589</span> <span class='ocrx_word' id='word_1_289' title='bbox 1815 5434 1959 5495; x_wconf 81' lang='lat' dir='ltr'>ilasguasT</span> <span class='ocrx_word' id='word_1_290' title='bbox 2063 5433 2112 5483; x_wconf 71' lang='lat'>582</span> <span class='ocrx_word' id='word_1_291' title='bbox 2130 5436 2183 5482; x_wconf 77' lang='lat' dir='ltr'>un·-</span> 
     </span>
     <span class='ocr_line' id='line_1_47' title="bbox 566 5518 2150 5588; baseline -0.006 -12"><span class='ocrx_word' id='word_1_292' title='bbox 566 5526 672 5577; x_wconf 63' lang='lat' dir='ltr'>tosT„</span> <span class='ocrx_word' id='word_1_293' title='bbox 731 5524 906 5588; x_wconf 68' lang='lat' dir='ltr'>triumphari*</span> <span class='ocrx_word' id='word_1_294' title='bbox 1009 5522 1059 5572; x_wconf 84' lang='grc'>586</span> <span class='ocrx_word' id='word_1_295' title='bbox 1077 5524 1232 5572; x_wconf 80' lang='lat' dir='ltr'>lnulmitem</span> <span class='ocrx_word' id='word_1_296' title='bbox 1244 5521 1415 5572; x_wconf 73' lang='lat' dir='ltr'>riclusrlnsl&#39;</span> <span class='ocrx_word' id='word_1_297' title='bbox 1519 5520 1568 5570; x_wconf 85' lang='grc'>589</span> <span class='ocrx_word' id='word_1_298' title='bbox 1587 5519 1770 5582; x_wconf 72' lang='lat' dir='ltr'>magnanimiT</span> <span class='ocrx_word' id='word_1_299' title='bbox 1874 5518 1920 5568; x_wconf 86' lang='grc'>591</span> <span class='ocrx_word' id='word_1_300' title='bbox 1941 5520 2053 5569; x_wconf 71' lang='lat' dir='ltr'>ualidum</span> <span class='ocrx_word' id='word_1_301' title='bbox 2064 5519 2150 5568; x_wconf 82' lang='lat' dir='ltr'>oddldr&#39;</span> 
     </span>
     <span class='ocr_line' id='line_1_48' title="bbox 566 5605 2184 5676; baseline -0.005 -14"><span class='ocrx_word' id='word_1_302' title='bbox 566 5627 639 5676; x_wconf 84' lang='lat' dir='ltr'>quern</span> <span class='ocrx_word' id='word_1_303' title='bbox 660 5611 748 5673; x_wconf 63' lang='lat' dir='ltr'>Mass„</span> <span class='ocrx_word' id='word_1_304' title='bbox 768 5611 875 5674; x_wconf 81' lang='lat' dir='ltr'>quaeT</span> <span class='ocrx_word' id='word_1_305' title='bbox 979 5608 1027 5661; x_wconf 78' lang='grc'>592</span> <span class='ocrx_word' id='word_1_306' title='bbox 1047 5609 1181 5658; x_wconf 79' lang='lat' dir='ltr'>delecltT</span> <span class='ocrx_word' id='word_1_307' title='bbox 1292 5608 1340 5658; x_wconf 84' lang='grc'>593</span> <span class='ocrx_word' id='word_1_308' title='bbox 1359 5609 1453 5657; x_wconf 64' lang='lat' dir='ltr'>alanta</span> <span class='ocrx_word' id='word_1_309' title='bbox 1474 5610 1503 5668; x_wconf 85' lang='grc' dir='ltr'>Τ,</span> <span class='ocrx_word' id='word_1_310' title='bbox 1523 5609 1627 5657; x_wconf 64' lang='lat' dir='ltr'>Alenus</span> <span class='ocrx_word' id='word_1_311' title='bbox 1645 5610 1684 5657; x_wconf 79' lang='lat' dir='ltr'>vel</span> <span class='ocrx_word' id='word_1_312' title='bbox 1702 5608 1808 5657; x_wconf 77' lang='lat' dir='ltr'>Alauten</span> <span class='ocrx_word' id='word_1_313' title='bbox 1826 5608 1912 5655; x_wconf 76' lang='lat' dir='ltr'>malim</span> <span class='ocrx_word' id='word_1_314' title='bbox 2014 5605 2064 5655; x_wconf 87' lang='grc'>595</span> <span class='ocrx_word' id='word_1_315' title='bbox 2082 5607 2184 5655; x_wconf 84' lang='lat' dir='ltr'>molern-</span> 
     </span>
     <span class='ocr_line' id='line_1_49' title="bbox 565 5687 2184 5761; baseline -0.004 -14"><span class='ocrx_word' id='word_1_316' title='bbox 565 5698 651 5761; x_wconf 84' lang='lat' dir='ltr'>queT</span> <span class='ocrx_word' id='word_1_317' title='bbox 754 5695 804 5746; x_wconf 88' lang='grc'>596</span> <span class='ocrx_word' id='word_1_318' title='bbox 823 5697 916 5757; x_wconf 73' lang='lat' dir='ltr'>ungule</span> <span class='ocrx_word' id='word_1_319' title='bbox 929 5695 1074 5756; x_wconf 76' lang='lat' dir='ltr'>Memorem,</span> <span class='ocrx_word' id='word_1_320' title='bbox 1094 5695 1234 5743; x_wconf 79' lang='lat' dir='ltr'>ulnenlaT</span> <span class='ocrx_word' id='word_1_321' title='bbox 1335 5698 1403 5744; x_wconf 83' lang='lat' dir='ltr'>metu</span> <span class='ocrx_word' id='word_1_322' title='bbox 1419 5695 1449 5757; x_wconf 83' lang='lat' dir='ltr'>T,</span> <span class='ocrx_word' id='word_1_323' title='bbox 1469 5687 1556 5744; x_wconf 78' lang='lat' dir='ltr'>uetuit</span> <span class='ocrx_word' id='word_1_324' title='bbox 1575 5692 1651 5742; x_wconf 76' lang='lat' dir='ltr'>Mors.</span> <span class='ocrx_word' id='word_1_325' title='bbox 1758 5691 2184 5755; x_wconf 71' lang='lat' dir='ltr'>ualuitqueuoss.,u01untquer</span> 
     </span>
     <span class='ocr_line' id='line_1_50' title="bbox 567 5777 2182 5844; baseline -0.005 -10"><span class='ocrx_word' id='word_1_326' title='bbox 567 5783 618 5834; x_wconf 88' lang='grc'>599</span> <span class='ocrx_word' id='word_1_327' title='bbox 637 5786 663 5832; x_wconf 88' lang='lat' dir='ltr'>ni</span> <span class='ocrx_word' id='word_1_328' title='bbox 678 5783 820 5843; x_wconf 73' lang='lat' dir='ltr'>Mortuum,</span> <span class='ocrx_word' id='word_1_329' title='bbox 842 5788 871 5833; x_wconf 89' lang='lat' dir='ltr'>ut</span> <span class='ocrx_word' id='word_1_330' title='bbox 885 5783 914 5844; x_wconf 84' lang='grc' dir='ltr'>Τ,</span> <span class='ocrx_word' id='word_1_331' title='bbox 935 5781 1047 5831; x_wconf 65' lang='lat' dir='ltr'>etuas.</span> <span class='ocrx_word' id='word_1_332' title='bbox 1153 5781 1203 5831; x_wconf 82' lang='grc'>695</span> <span class='ocrx_word' id='word_1_333' title='bbox 1221 5783 1311 5830; x_wconf 82' lang='lat' dir='ltr'>sternit</span> <span class='ocrx_word' id='word_1_334' title='bbox 1327 5782 1356 5841; x_wconf 86' lang='lat' dir='ltr'>T,</span> <span class='ocrx_word' id='word_1_335' title='bbox 1370 5782 1489 5830; x_wconf 85' lang='lat' dir='ltr'>insternit</span> <span class='ocrx_word' id='word_1_336' title='bbox 1502 5778 1579 5830; x_wconf 72' lang='lat' dir='ltr'>Mers.</span> <span class='ocrx_word' id='word_1_337' title='bbox 1685 5779 1734 5829; x_wconf 80' lang='grc'>697</span> <span class='ocrx_word' id='word_1_338' title='bbox 1754 5780 1845 5828; x_wconf 83' lang='lat' dir='ltr'>cotoT</span> <span class='ocrx_word' id='word_1_339' title='bbox 1947 5777 1993 5828; x_wconf 82' lang='grc'>611</span> <span class='ocrx_word' id='word_1_340' title='bbox 2014 5777 2182 5839; x_wconf 64' lang='lat' dir='ltr'>hunaldum„</span> 
     </span>
     <span class='ocr_line' id='line_1_51' title="bbox 566 5865 1878 5932; baseline -0.005 -13"><span class='ocrx_word' id='word_1_341' title='bbox 566 5871 614 5919; x_wconf 81' lang='lat' dir='ltr'>lure</span> <span class='ocrx_word' id='word_1_342' title='bbox 635 5870 655 5918; x_wconf 79' lang='grc' dir='ltr'><strong><em>Τ</em></strong></span> <span class='ocrx_word' id='word_1_343' title='bbox 760 5869 892 5923; x_wconf 83' lang='lat' dir='ltr'>Solumutlr</span> <span class='ocrx_word' id='word_1_344' title='bbox 910 5869 1004 5932; x_wconf 74' lang='lat' dir='ltr'>scrlprl,</span> <span class='ocrx_word' id='word_1_345' title='bbox 1024 5868 1136 5917; x_wconf 78' lang='lat' dir='ltr'>solumur</span> <span class='ocrx_word' id='word_1_346' title='bbox 1157 5868 1187 5931; x_wconf 82' lang='lat' dir='ltr'>T,</span> <span class='ocrx_word' id='word_1_347' title='bbox 1207 5869 1322 5917; x_wconf 84' lang='lat' dir='ltr'>sulumur</span> <span class='ocrx_word' id='word_1_348' title='bbox 1339 5870 1397 5931; x_wconf 72' lang='lat' dir='ltr'>lepti</span> <span class='ocrx_word' id='word_1_349' title='bbox 1416 5866 1493 5917; x_wconf 73' lang='lat' dir='ltr'>Mese.</span> <span class='ocrx_word' id='word_1_350' title='bbox 1598 5880 1653 5914; x_wconf 86' lang='lat' dir='ltr'>eum</span> <span class='ocrx_word' id='word_1_351' title='bbox 1672 5866 1756 5927; x_wconf 68' lang='lat' dir='ltr'>Belle,</span> <span class='ocrx_word' id='word_1_352' title='bbox 1778 5866 1838 5915; x_wconf 87' lang='lat' dir='ltr'>dum</span> <span class='ocrx_word' id='word_1_353' title='bbox 1858 5865 1878 5912; x_wconf 83' lang='grc' dir='ltr'><strong><em>Τ</em></strong></span> 
     </span>
    </p>
   </div>
   <div class='ocr_carea' id='block_1_4' title="bbox 0 0 2520 6724">
    <p class='ocr_par' dir='ltr' id='par_1_4' title="bbox 0 0 2520 6724">
     <span class='ocr_line' id='line_1_52' title="bbox 0 0 2520 6724; baseline 0 0"><span class='ocrx_word' id='word_1_354' title='bbox 0 0 2520 6724; x_wconf 95' lang='lat' dir='ltr'> </span> 
     </span>
    </p>
   </div>
  </div>
 </body>
</html>
