<?xml version="1.0" encoding="UTF-8"?>
<!DOCTYPE html PUBLIC "-//W3C//DTD XHTML 1.0 Transitional//EN"
    "http://www.w3.org/TR/xhtml1/DTD/xhtml1-transitional.dtd">
<html xmlns="http://www.w3.org/1999/xhtml" xml:lang="en" lang="en">
 <head>
  <title>
</title>
<meta http-equiv="Content-Type" content="text/html;charset=utf-8" />
  <meta name='ocr-system' content='tesseract 3.04.00' />
  <meta name='ocr-capabilities' content='ocr_page ocr_carea ocr_par ocr_line ocrx_word'/>
</head>
<body>
  <div class='ocr_page' id='page_1' title='image "./corippiafricani00partgoog_0214.png"; bbox 0 0 5034 6730; ppageno 0'>
   <div class='ocr_carea' id='block_1_1' title="bbox 897 562 1437 624">
    <p class='ocr_par' dir='ltr' id='par_1_1' title="bbox 897 562 1437 624">
     <span class='ocr_line' id='line_1_1' title="bbox 897 562 1437 624; baseline 0.007 -6"><span class='ocrx_word' id='word_1_1' title='bbox 897 562 937 618; x_wconf 82' lang='lat' dir='ltr'>IN</span> <span class='ocrx_word' id='word_1_2' title='bbox 955 563 1114 623; x_wconf 73' lang='lat' dir='ltr'>reversi</span> <span class='ocrx_word' id='word_1_3' title='bbox 1132 564 1275 624; x_wconf 77' lang='lat' dir='ltr'>lverrur</span> <span class='ocrx_word' id='word_1_4' title='bbox 1292 566 1364 622; x_wconf 86' lang='lat' dir='ltr'><strong>LIB.</strong></span> <span class='ocrx_word' id='word_1_5' title='bbox 1385 565 1437 623; x_wconf 90' lang='lat'><em>111.</em></span> 
     </span>
    </p>
   </div>
   <div class='ocr_carea' id='block_1_2' title="bbox 579 750 1714 5283">
    <p class='ocr_par' dir='ltr' id='par_1_2' title="bbox 736 750 1714 1874">
     <span class='ocr_line' id='line_1_2' title="bbox 739 750 1584 842; baseline 0.004 -24"><span class='ocrx_word' id='word_1_6' title='bbox 739 750 905 821; x_wconf 71' lang='lat' dir='ltr'>intulimus</span> <span class='ocrx_word' id='word_1_7' title='bbox 926 755 1059 823; x_wconf 86' lang='lat' dir='ltr'>bellum.</span> <span class='ocrx_word' id='word_1_8' title='bbox 1105 776 1181 842; x_wconf 85' lang='lat' dir='ltr'>pars</span> <span class='ocrx_word' id='word_1_9' title='bbox 1203 757 1307 824; x_wconf 87' lang='lat' dir='ltr'>altera</span> <span class='ocrx_word' id='word_1_10' title='bbox 1329 763 1436 825; x_wconf 77' lang='lat' dir='ltr'>osana</span> <span class='ocrx_word' id='word_1_11' title='bbox 1457 755 1584 827; x_wconf 78' lang='lat' dir='ltr'>leuauit.</span> 
     </span>
     <span class='ocr_line' id='line_1_3' title="bbox 739 856 1559 946; baseline 0.007 -25"><span class='ocrx_word' id='word_1_12' title='bbox 739 856 927 924; x_wconf 86' lang='lat' dir='ltr'>miseuimus</span> <span class='ocrx_word' id='word_1_13' title='bbox 948 879 1091 945; x_wconf 81' lang='lat' dir='ltr'>pugnae,</span> <span class='ocrx_word' id='word_1_14' title='bbox 1117 861 1257 927; x_wconf 87' lang='lat' dir='ltr'>munitas</span> <span class='ocrx_word' id='word_1_15' title='bbox 1279 861 1423 946; x_wconf 82' lang='lat' dir='ltr'>sepimus</span> <span class='ocrx_word' id='word_1_16' title='bbox 1445 861 1559 943; x_wconf 87' lang='lat' dir='ltr'>urbes,</span> 
     </span>
     <span class='ocr_line' id='line_1_4' title="bbox 738 958 1523 1049; baseline 0.004 -24"><span class='ocrx_word' id='word_1_17' title='bbox 738 958 893 1044; x_wconf 86' lang='lat' dir='ltr'>firmaque</span> <span class='ocrx_word' id='word_1_18' title='bbox 915 961 1052 1048; x_wconf 87' lang='lat' dir='ltr'>diruptis</span> <span class='ocrx_word' id='word_1_19' title='bbox 1074 962 1251 1030; x_wconf 85' lang='lat' dir='ltr'>deieoimus</span> <span class='ocrx_word' id='word_1_20' title='bbox 1272 963 1392 1049; x_wconf 82' lang='lat' dir='ltr'>oppida</span> <span class='ocrx_word' id='word_1_21' title='bbox 1413 962 1523 1031; x_wconf 86' lang='lat' dir='ltr'>muris.</span> 
     </span>
     <span class='ocr_line' id='line_1_5' title="bbox 738 1064 1563 1151; baseline 0.007 -23"><span class='ocrx_word' id='word_1_22' title='bbox 738 1083 822 1129; x_wconf 89' lang='lat' dir='ltr'>nuno</span> <span class='ocrx_word' id='word_1_23' title='bbox 844 1064 931 1150; x_wconf 82' lang='lat' dir='ltr'>ripas</span> <span class='ocrx_word' id='word_1_24' title='bbox 952 1064 1096 1150; x_wconf 73' lang='lat' dir='ltr'>Scythici</span> <span class='ocrx_word' id='word_1_25' title='bbox 1117 1067 1218 1133; x_wconf 87' lang='lat' dir='ltr'>vietor</span> <span class='ocrx_word' id='word_1_26' title='bbox 1238 1087 1296 1133; x_wconf 88' lang='lat' dir='ltr'>rex</span> <span class='ocrx_word' id='word_1_27' title='bbox 1317 1066 1451 1151; x_wconf 81' lang='lat' dir='ltr'>eontigit</span> <span class='ocrx_word' id='word_1_28' title='bbox 1471 1066 1563 1149; x_wconf 87' lang='lat' dir='ltr'>istri,</span> 
     </span>
     <span class='ocr_line' id='line_1_6' title="bbox 739 1165 1524 1255; baseline 0.004 -24"><span class='ocrx_word' id='word_1_29' title='bbox 739 1165 904 1251; x_wconf 85' lang='lat' dir='ltr'>densaque</span> <span class='ocrx_word' id='word_1_30' title='bbox 924 1189 983 1254; x_wconf 87' lang='lat' dir='ltr'>per</span> <span class='ocrx_word' id='word_1_31' title='bbox 1004 1169 1087 1235; x_wconf 86' lang='lat' dir='ltr'>latos</span> <span class='ocrx_word' id='word_1_32' title='bbox 1109 1168 1213 1253; x_wconf 80' lang='lat' dir='ltr'>figens</span> <span class='ocrx_word' id='word_1_33' title='bbox 1235 1170 1372 1237; x_wconf 86' lang='lat' dir='ltr'>tentoria</span> <span class='ocrx_word' id='word_1_34' title='bbox 1393 1188 1524 1255; x_wconf 81' lang='lat' dir='ltr'>eampes</span> 
     </span>
     <span class='ocr_line' id='line_1_7' title="bbox 737 1268 1714 1359; baseline -0.001 -24"><span class='ocrx_word' id='word_1_35' title='bbox 737 1268 782 1335; x_wconf 87' lang='lat' dir='ltr'>ad</span> <span class='ocrx_word' id='word_1_36' title='bbox 802 1276 859 1336; x_wconf 89' lang='lat' dir='ltr'>tua</span> <span class='ocrx_word' id='word_1_37' title='bbox 880 1290 953 1353; x_wconf 90' lang='lat' dir='ltr'>nos,</span> <span class='ocrx_word' id='word_1_38' title='bbox 979 1271 1145 1358; x_wconf 75' lang='lat' dir='ltr'>princeps,</span> <span class='ocrx_word' id='word_1_39' title='bbox 1171 1273 1252 1339; x_wconf 88' lang='lat' dir='ltr'>haee</span> <span class='ocrx_word' id='word_1_40' title='bbox 1273 1272 1447 1359; x_wconf 80' lang='lat' dir='ltr'>splendida</span> <span class='ocrx_word' id='word_1_41' title='bbox 1468 1271 1594 1341; x_wconf 79' lang='lat' dir='ltr'>moenis</span> <span class='ocrx_word' id='word_1_42' title='bbox 1616 1271 1714 1336; x_wconf 83' lang='lat' dir='ltr'>misit.</span> 
     </span>
     <span class='ocr_line' id='line_1_8' title="bbox 737 1375 1415 1461; baseline 0.004 -21"><span class='ocrx_word' id='word_1_43' title='bbox 737 1393 846 1441; x_wconf 86' lang='lat' dir='ltr'>annua</span> <span class='ocrx_word' id='word_1_44' title='bbox 866 1375 1028 1460; x_wconf 72' lang='lat' dir='ltr'>praelargi</span> <span class='ocrx_word' id='word_1_45' title='bbox 1049 1375 1150 1461; x_wconf 86' lang='lat' dir='ltr'>patris</span> <span class='ocrx_word' id='word_1_46' title='bbox 1172 1376 1295 1443; x_wconf 85' lang='lat' dir='ltr'>solacia</span> <span class='ocrx_word' id='word_1_47' title='bbox 1316 1376 1415 1443; x_wconf 85' lang='lat' dir='ltr'>vestri</span> 
     </span>
     <span class='ocr_line' id='line_1_9' title="bbox 738 1478 1687 1565; baseline 0.003 -24"><span class='ocrx_word' id='word_1_48' title='bbox 738 1496 864 1544; x_wconf 90' lang='lat' dir='ltr'>sumere</span> <span class='ocrx_word' id='word_1_49' title='bbox 886 1485 1014 1565; x_wconf 89' lang='lat' dir='ltr'>tempus</span> <span class='ocrx_word' id='word_1_50' title='bbox 1036 1479 1138 1545; x_wconf 90' lang='lat' dir='ltr'>adest.</span> <span class='ocrx_word' id='word_1_51' title='bbox 1187 1486 1316 1547; x_wconf 88' lang='lat' dir='ltr'>sanetus</span> <span class='ocrx_word' id='word_1_52' title='bbox 1338 1499 1421 1564; x_wconf 87' lang='lat' dir='ltr'>quae</span> <span class='ocrx_word' id='word_1_53' title='bbox 1442 1478 1592 1565; x_wconf 90' lang='lat' dir='ltr'>praebuit</span> <span class='ocrx_word' id='word_1_54' title='bbox 1612 1478 1687 1560; x_wconf 84' lang='lat' dir='ltr'>ille,</span> 
     </span>
     <span class='ocr_line' id='line_1_10' title="bbox 737 1581 1556 1669; baseline 0.002 -24"><span class='ocrx_word' id='word_1_55' title='bbox 737 1599 795 1646; x_wconf 90' lang='lat' dir='ltr'>vos</span> <span class='ocrx_word' id='word_1_56' title='bbox 817 1581 913 1647; x_wconf 89' lang='lat' dir='ltr'>etiam</span> <span class='ocrx_word' id='word_1_57' title='bbox 935 1584 1090 1669; x_wconf 84' lang='lat' dir='ltr'>praebere</span> <span class='ocrx_word' id='word_1_58' title='bbox 1112 1582 1215 1649; x_wconf 87' lang='lat' dir='ltr'>deoet.</span> <span class='ocrx_word' id='word_1_59' title='bbox 1264 1583 1292 1648; x_wconf 87' lang='lat' dir='ltr'>si</span> <span class='ocrx_word' id='word_1_60' title='bbox 1314 1582 1445 1651; x_wconf 83' lang='lat' dir='ltr'>foedera</span> <span class='ocrx_word' id='word_1_61' title='bbox 1467 1583 1556 1667; x_wconf 79' lang='lat' dir='ltr'>pauiu</span> 
     </span>
     <span class='ocr_line' id='line_1_11' title="bbox 736 1682 1490 1772; baseline 0.005 -24"><span class='ocrx_word' id='word_1_62' title='bbox 736 1682 926 1751; x_wconf 88' lang='lat' dir='ltr'>intemerata</span> <span class='ocrx_word' id='word_1_63' title='bbox 946 1686 1023 1767; x_wconf 89' lang='lat' dir='ltr'>tibi,</span> <span class='ocrx_word' id='word_1_64' title='bbox 1050 1686 1077 1751; x_wconf 92' lang='lat' dir='ltr'>si</span> <span class='ocrx_word' id='word_1_65' title='bbox 1100 1686 1204 1752; x_wconf 87' lang='lat' dir='ltr'>mavis</span> <span class='ocrx_word' id='word_1_66' title='bbox 1225 1693 1321 1772; x_wconf 79' lang='lat' dir='ltr'>panta</span> <span class='ocrx_word' id='word_1_67' title='bbox 1342 1706 1490 1768; x_wconf 86' lang='lat' dir='ltr'>munere,</span> 
     </span>
     <span class='ocr_line' id='line_1_12' title="bbox 737 1786 1527 1874; baseline 0.004 -23"><span class='ocrx_word' id='word_1_68' title='bbox 737 1786 847 1854; x_wconf 91' lang='lat' dir='ltr'>debita</span> <span class='ocrx_word' id='word_1_69' title='bbox 868 1789 1034 1871; x_wconf 74' lang='lat' dir='ltr'>quaerenti</span> <span class='ocrx_word' id='word_1_70' title='bbox 1056 1789 1254 1856; x_wconf 75' lang='lat' dir='ltr'>nausmittes</span> <span class='ocrx_word' id='word_1_71' title='bbox 1276 1810 1409 1857; x_wconf 89' lang='lat' dir='ltr'>munera</span> <span class='ocrx_word' id='word_1_72' title='bbox 1430 1788 1527 1874; x_wconf 80' lang='lat' dir='ltr'>regi’.</span> 
     </span>
    </p>

    <p class='ocr_par' dir='ltr' id='par_1_3' title="bbox 822 1891 1569 1975">
     <span class='ocr_line' id='line_1_13' title="bbox 822 1891 1569 1975; baseline 0.003 -19"><span class='ocrx_word' id='word_1_73' title='bbox 822 1891 903 1957; x_wconf 89' lang='lat' dir='ltr'>talia</span> <span class='ocrx_word' id='word_1_74' title='bbox 923 1892 1114 1975; x_wconf 81' lang='lat' dir='ltr'>iactantem,</span> <span class='ocrx_word' id='word_1_75' title='bbox 1140 1894 1231 1959; x_wconf 91' lang='lat' dir='ltr'>nulla</span> <span class='ocrx_word' id='word_1_76' title='bbox 1252 1900 1427 1960; x_wconf 80' lang='lat' dir='ltr'>commotus</span> <span class='ocrx_word' id='word_1_77' title='bbox 1447 1893 1482 1959; x_wconf 88' lang='lat' dir='ltr'>iu</span> <span class='ocrx_word' id='word_1_78' title='bbox 1503 1893 1569 1975; x_wconf 83' lang='lat' dir='ltr'>ira,</span> 
     </span>
    </p>

    <p class='ocr_par' dir='ltr' id='par_1_4' title="bbox 610 1994 1659 3114">
     <span class='ocr_line' id='line_1_14' title="bbox 610 1994 1512 2082; baseline 0.002 -23"><span class='ocrx_word' id='word_1_79' title='bbox 610 2036 614 2043; x_wconf 88' lang='lat'>-</span> <span class='ocrx_word' id='word_1_80' title='bbox 735 1994 928 2078; x_wconf 89' lang='lat' dir='ltr'>tranquillus</span> <span class='ocrx_word' id='word_1_81' title='bbox 949 1995 1099 2081; x_wconf 85' lang='lat' dir='ltr'>priueeps</span> <span class='ocrx_word' id='word_1_82' title='bbox 1120 1996 1223 2062; x_wconf 86' lang='lat' dir='ltr'>oeulis</span> <span class='ocrx_word' id='word_1_83' title='bbox 1245 1996 1366 2082; x_wconf 90' lang='lat' dir='ltr'>pietate</span> <span class='ocrx_word' id='word_1_84' title='bbox 1388 1995 1512 2062; x_wconf 89' lang='lat' dir='ltr'>serenis</span> 
     </span>
     <span class='ocr_line' id='line_1_15' title="bbox 735 2098 1582 2184; baseline 0.002 -23"><span class='ocrx_word' id='word_1_85' title='bbox 735 2098 862 2182; x_wconf 79' lang='lat' dir='ltr'>aspexit</span> <span class='ocrx_word' id='word_1_86' title='bbox 882 2098 1049 2181; x_wconf 84' lang='lat' dir='ltr'>iuvenem,</span> <span class='ocrx_word' id='word_1_87' title='bbox 1075 2098 1267 2184; x_wconf 74' lang='lat' dir='ltr'>placidoque</span> <span class='ocrx_word' id='word_1_88' title='bbox 1288 2100 1370 2166; x_wconf 81' lang='lat' dir='ltr'>liaeo</span> <span class='ocrx_word' id='word_1_89' title='bbox 1392 2098 1496 2166; x_wconf 81' lang='lat' dir='ltr'>edidit</span> <span class='ocrx_word' id='word_1_90' title='bbox 1517 2118 1582 2165; x_wconf 87' lang='lat' dir='ltr'>ore.</span> 
     </span>
     <span class='ocr_line' id='line_1_16' title="bbox 737 2200 1575 2286; baseline 0.001 -20"><span class='ocrx_word' id='word_1_91' title='bbox 737 2200 907 2283; x_wconf 85' lang='lat' dir='ltr'>‘quantum</span> <span class='ocrx_word' id='word_1_92' title='bbox 930 2208 980 2268; x_wconf 84' lang='lat' dir='ltr'>est</span> <span class='ocrx_word' id='word_1_93' title='bbox 1001 2202 1118 2286; x_wconf 83' lang='lat' dir='ltr'>legatis</span> <span class='ocrx_word' id='word_1_94' title='bbox 1140 2222 1293 2270; x_wconf 87' lang='lat' dir='ltr'>eonoessa</span> <span class='ocrx_word' id='word_1_95' title='bbox 1313 2201 1447 2269; x_wconf 88' lang='lat' dir='ltr'>lieentia</span> <span class='ocrx_word' id='word_1_96' title='bbox 1468 2200 1575 2283; x_wconf 83' lang='lat' dir='ltr'>fundi,</span> 
     </span>
     <span class='ocr_line' id='line_1_17' title="bbox 733 2304 1527 2389; baseline 0.003 -21"><span class='ocrx_word' id='word_1_97' title='bbox 733 2309 856 2369; x_wconf 86' lang='lat' dir='ltr'>tantum</span> <span class='ocrx_word' id='word_1_98' title='bbox 878 2304 1003 2389; x_wconf 80' lang='lat' dir='ltr'>legatos</span> <span class='ocrx_word' id='word_1_99' title='bbox 1024 2304 1131 2371; x_wconf 83' lang='lat' dir='ltr'>auimo</span> <span class='ocrx_word' id='word_1_100' title='bbox 1153 2305 1249 2375; x_wconf 87' lang='lat' dir='ltr'>deeet</span> <span class='ocrx_word' id='word_1_101' title='bbox 1269 2324 1342 2373; x_wconf 89' lang='lat' dir='ltr'>esse</span> <span class='ocrx_word' id='word_1_102' title='bbox 1364 2304 1527 2372; x_wconf 88' lang='lat' dir='ltr'>modestos</span> 
     </span>
     <span class='ocr_line' id='line_1_18' title="bbox 733 2406 1628 2494; baseline 0 -23"><span class='ocrx_word' id='word_1_103' title='bbox 733 2413 765 2471; x_wconf 91' lang='lat' dir='ltr'>et</span> <span class='ocrx_word' id='word_1_104' title='bbox 787 2406 873 2473; x_wconf 86' lang='lat' dir='ltr'>vitae</span> <span class='ocrx_word' id='word_1_105' title='bbox 894 2408 1052 2494; x_wconf 73' lang='lat' dir='ltr'>probitate</span> <span class='ocrx_word' id='word_1_106' title='bbox 1074 2429 1205 2493; x_wconf 62' lang='lat' dir='ltr'>gravem</span> <span class='ocrx_word' id='word_1_107' title='bbox 1232 2410 1350 2494; x_wconf 91' lang='lat' dir='ltr'>quique</span> <span class='ocrx_word' id='word_1_108' title='bbox 1372 2407 1483 2475; x_wconf 82' lang='lat' dir='ltr'>ordine</span> <span class='ocrx_word' id='word_1_109' title='bbox 1505 2406 1628 2491; x_wconf 86' lang='lat' dir='ltr'>possint</span> 
     </span>
     <span class='ocr_line' id='line_1_19' title="bbox 733 2509 1635 2596; baseline -0.002 -21"><span class='ocrx_word' id='word_1_110' title='bbox 733 2510 815 2576; x_wconf 83' lang='lat' dir='ltr'>seire</span> <span class='ocrx_word' id='word_1_111' title='bbox 836 2510 916 2578; x_wconf 86' lang='lat' dir='ltr'>loeis</span> <span class='ocrx_word' id='word_1_112' title='bbox 937 2512 1075 2583; x_wconf 85' lang='lat' dir='ltr'>humiles</span> <span class='ocrx_word' id='word_1_113' title='bbox 1097 2512 1213 2595; x_wconf 80' lang='lat' dir='ltr'>quibus</span> <span class='ocrx_word' id='word_1_114' title='bbox 1235 2521 1268 2580; x_wconf 89' lang='lat' dir='ltr'>et</span> <span class='ocrx_word' id='word_1_115' title='bbox 1289 2512 1405 2596; x_wconf 89' lang='lat' dir='ltr'>quibus</span> <span class='ocrx_word' id='word_1_116' title='bbox 1426 2530 1484 2578; x_wconf 86' lang='lat' dir='ltr'>ora</span> <span class='ocrx_word' id='word_1_117' title='bbox 1504 2509 1635 2595; x_wconf 90' lang='lat' dir='ltr'>superbi</span> 
     </span>
     <span class='ocr_line' id='line_1_20' title="bbox 733 2613 1659 2702; baseline 0.003 -24"><span class='ocrx_word' id='word_1_118' title='bbox 733 2613 925 2699; x_wconf 87' lang='lat' dir='ltr'>expediant,</span> <span class='ocrx_word' id='word_1_119' title='bbox 950 2623 1154 2700; x_wconf 86' lang='lat' dir='ltr'>nostramque</span> <span class='ocrx_word' id='word_1_120' title='bbox 1175 2615 1394 2702; x_wconf 80' lang='lat' dir='ltr'>putantquod</span> <span class='ocrx_word' id='word_1_121' title='bbox 1415 2613 1542 2698; x_wconf 84' lang='lat' dir='ltr'>mitiget</span> <span class='ocrx_word' id='word_1_122' title='bbox 1561 2613 1659 2695; x_wconf 67' lang='lat' dir='ltr'>maur,</span> 
     </span>
     <span class='ocr_line' id='line_1_21' title="bbox 731 2718 1554 2805; baseline -0.004 -22"><span class='ocrx_word' id='word_1_123' title='bbox 731 2718 988 2804; x_wconf 88' lang='lat' dir='ltr'>prospieiantque</span> <span class='ocrx_word' id='word_1_124' title='bbox 1011 2739 1090 2786; x_wconf 89' lang='lat' dir='ltr'>suae</span> <span class='ocrx_word' id='word_1_125' title='bbox 1111 2726 1280 2805; x_wconf 81' lang='lat' dir='ltr'>pereuntes</span> <span class='ocrx_word' id='word_1_126' title='bbox 1302 2718 1434 2786; x_wconf 84' lang='lat' dir='ltr'>foedera</span> <span class='ocrx_word' id='word_1_127' title='bbox 1455 2718 1554 2785; x_wconf 85' lang='lat' dir='ltr'>vitae.</span> 
     </span>
     <span class='ocr_line' id='line_1_22' title="bbox 731 2819 1490 2908; baseline 0.003 -23"><span class='ocrx_word' id='word_1_128' title='bbox 731 2819 816 2902; x_wconf 88' lang='lat' dir='ltr'>quod</span> <span class='ocrx_word' id='word_1_129' title='bbox 837 2828 894 2887; x_wconf 85' lang='lat' dir='ltr'>tus</span> <span class='ocrx_word' id='word_1_130' title='bbox 914 2823 1056 2889; x_wconf 83' lang='lat' dir='ltr'>ventosis</span> <span class='ocrx_word' id='word_1_131' title='bbox 1077 2821 1189 2891; x_wconf 87' lang='lat' dir='ltr'>inflata</span> <span class='ocrx_word' id='word_1_132' title='bbox 1210 2822 1362 2908; x_wconf 88' lang='lat' dir='ltr'>superbia</span> <span class='ocrx_word' id='word_1_133' title='bbox 1382 2820 1490 2889; x_wconf 85' lang='lat' dir='ltr'>uerbis</span> 
     </span>
     <span class='ocr_line' id='line_1_23' title="bbox 729 2922 1489 3009; baseline -0.003 -20"><span class='ocrx_word' id='word_1_134' title='bbox 729 2922 870 3007; x_wconf 71' lang='lat' dir='ltr'>mediat,</span> <span class='ocrx_word' id='word_1_135' title='bbox 896 2925 1035 3009; x_wconf 74' lang='lat' dir='ltr'>ignavae</span> <span class='ocrx_word' id='word_1_136' title='bbox 1057 2926 1174 2992; x_wconf 90' lang='lat' dir='ltr'>mentis</span> <span class='ocrx_word' id='word_1_137' title='bbox 1196 2925 1355 2993; x_wconf 76' lang='lat' dir='ltr'>deformia</span> <span class='ocrx_word' id='word_1_138' title='bbox 1376 2923 1489 2992; x_wconf 85' lang='lat' dir='ltr'>nudat.</span> 
     </span>
     <span class='ocr_line' id='line_1_24' title="bbox 731 3026 1612 3114; baseline 0.003 -22"><span class='ocrx_word' id='word_1_139' title='bbox 731 3027 808 3108; x_wconf 87' lang='lat' dir='ltr'>quid</span> <span class='ocrx_word' id='word_1_140' title='bbox 830 3028 982 3114; x_wconf 83' lang='lat' dir='ltr'>profugos</span> <span class='ocrx_word' id='word_1_141' title='bbox 1005 3029 1138 3113; x_wconf 85' lang='lat' dir='ltr'>laudas,</span> <span class='ocrx_word' id='word_1_142' title='bbox 1164 3029 1315 3112; x_wconf 83' lang='lat' dir='ltr'>famaque</span> <span class='ocrx_word' id='word_1_143' title='bbox 1336 3027 1467 3097; x_wconf 83' lang='lat' dir='ltr'>adtollis</span> <span class='ocrx_word' id='word_1_144' title='bbox 1489 3026 1579 3095; x_wconf 87' lang='lat' dir='ltr'>inani</span> <span class='ocrx_word' id='word_1_145' title='bbox 1610 3072 1612 3077; x_wconf 64' lang='grc'><strong><em>«</em></strong></span> 
     </span>
    </p>

    <p class='ocr_par' dir='ltr' id='par_1_5' title="bbox 603 3129 1680 4663">
     <span class='ocr_line' id='line_1_25' title="bbox 603 3129 1616 3218; baseline 0.001 -24"><span class='ocrx_word' id='word_1_146' title='bbox 603 3148 609 3165; x_wconf 86' lang='grc'><em>·</em></span> <span class='ocrx_word' id='word_1_147' title='bbox 731 3136 887 3197; x_wconf 85' lang='lat' dir='ltr'>extorrem</span> <span class='ocrx_word' id='word_1_148' title='bbox 909 3133 1085 3218; x_wconf 83' lang='lat' dir='ltr'>populuml</span> <span class='ocrx_word' id='word_1_149' title='bbox 1128 3152 1211 3216; x_wconf 88' lang='lat' dir='ltr'>quae</span> <span class='ocrx_word' id='word_1_150' title='bbox 1233 3132 1329 3198; x_wconf 86' lang='lat' dir='ltr'>fortia</span> <span class='ocrx_word' id='word_1_151' title='bbox 1349 3151 1451 3215; x_wconf 82' lang='lat' dir='ltr'>regne</span> <span class='ocrx_word' id='word_1_152' title='bbox 1473 3129 1616 3214; x_wconf 81' lang='lat' dir='ltr'>subegit,</span> 
     </span>
     <span class='ocr_line' id='line_1_26' title="bbox 730 3233 1584 3322; baseline 0.002 -24"><span class='ocrx_word' id='word_1_153' title='bbox 730 3233 830 3300; x_wconf 87' lang='lat' dir='ltr'>effera</span> <span class='ocrx_word' id='word_1_154' title='bbox 850 3254 932 3320; x_wconf 74' lang='lat' dir='ltr'>gens</span> <span class='ocrx_word' id='word_1_155' title='bbox 954 3236 1095 3302; x_wconf 83' lang='lat' dir='ltr'>Avarum</span> <span class='ocrx_word' id='word_1_156' title='bbox 1117 3236 1263 3322; x_wconf 85' lang='lat' dir='ltr'>propriae</span> <span class='ocrx_word' id='word_1_157' title='bbox 1285 3234 1461 3303; x_wconf 79' lang='lat' dir='ltr'>defendere</span> <span class='ocrx_word' id='word_1_158' title='bbox 1482 3240 1584 3301; x_wconf 85' lang='lat' dir='ltr'>terras</span> 
     </span>
     <span class='ocr_line' id='line_1_27' title="bbox 728 3336 1537 3423; baseline -0.001 -22"><span class='ocrx_word' id='word_1_159' title='bbox 728 3355 792 3402; x_wconf 91' lang='lat' dir='ltr'>nun</span> <span class='ocrx_word' id='word_1_160' title='bbox 812 3339 933 3423; x_wconf 87' lang='lat' dir='ltr'>potuit,</span> <span class='ocrx_word' id='word_1_161' title='bbox 959 3338 1118 3423; x_wconf 84' lang='lat' dir='ltr'>sedesque</span> <span class='ocrx_word' id='word_1_162' title='bbox 1140 3358 1216 3405; x_wconf 87' lang='lat' dir='ltr'>snas</span> <span class='ocrx_word' id='word_1_163' title='bbox 1237 3338 1377 3423; x_wconf 81' lang='lat' dir='ltr'>fugitiva</span> <span class='ocrx_word' id='word_1_164' title='bbox 1397 3336 1537 3422; x_wconf 86' lang='lat' dir='ltr'>reliquit.</span> 
     </span>
     <span class='ocr_line' id='line_1_28' title="bbox 728 3441 1460 3525; baseline 0.003 -19"><span class='ocrx_word' id='word_1_165' title='bbox 728 3446 762 3506; x_wconf 93' lang='lat' dir='ltr'>tu</span> <span class='ocrx_word' id='word_1_166' title='bbox 784 3442 874 3508; x_wconf 89' lang='lat' dir='ltr'>velut</span> <span class='ocrx_word' id='word_1_167' title='bbox 893 3442 1017 3525; x_wconf 78' lang='lat' dir='ltr'>ignaris</span> <span class='ocrx_word' id='word_1_168' title='bbox 1039 3443 1134 3513; x_wconf 86' lang='lat' dir='ltr'>falsis</span> <span class='ocrx_word' id='word_1_169' title='bbox 1155 3441 1336 3509; x_wconf 86' lang='lat' dir='ltr'>rumoribus</span> <span class='ocrx_word' id='word_1_170' title='bbox 1356 3442 1460 3509; x_wconf 88' lang='lat' dir='ltr'>audes</span> 
     </span>
     <span class='ocr_line' id='line_1_29' title="bbox 728 3542 1590 3632; baseline -0.002 -24"><span class='ocrx_word' id='word_1_171' title='bbox 728 3562 812 3608; x_wconf 84' lang='lat' dir='ltr'>vana</span> <span class='ocrx_word' id='word_1_172' title='bbox 832 3544 938 3628; x_wconf 91' lang='lat' dir='ltr'>loqui,</span> <span class='ocrx_word' id='word_1_173' title='bbox 962 3545 1112 3632; x_wconf 81' lang='lat' dir='ltr'>turpique</span> <span class='ocrx_word' id='word_1_174' title='bbox 1133 3545 1209 3612; x_wconf 89' lang='lat' dir='ltr'>dolo</span> <span class='ocrx_word' id='word_1_175' title='bbox 1231 3565 1315 3612; x_wconf 86' lang='lat' dir='ltr'>noue</span> <span class='ocrx_word' id='word_1_176' title='bbox 1336 3544 1462 3611; x_wconf 74' lang='lat' dir='ltr'>somnia</span> <span class='ocrx_word' id='word_1_177' title='bbox 1483 3542 1590 3628; x_wconf 80' lang='lat' dir='ltr'>lingis.</span> 
     </span>
     <span class='ocr_line' id='line_1_30' title="bbox 727 3646 1660 3732; baseline 0 -20"><span class='ocrx_word' id='word_1_178' title='bbox 727 3646 813 3729; x_wconf 86' lang='lat' dir='ltr'>quod</span> <span class='ocrx_word' id='word_1_179' title='bbox 833 3647 894 3713; x_wconf 89' lang='lat' dir='ltr'>tibi</span> <span class='ocrx_word' id='word_1_180' title='bbox 914 3668 1000 3715; x_wconf 88' lang='lat' dir='ltr'>nune</span> <span class='ocrx_word' id='word_1_181' title='bbox 1019 3649 1125 3715; x_wconf 85' lang='lat' dir='ltr'>visum</span> <span class='ocrx_word' id='word_1_182' title='bbox 1146 3656 1197 3716; x_wconf 88' lang='lat' dir='ltr'>est</span> <span class='ocrx_word' id='word_1_183' title='bbox 1217 3654 1324 3715; x_wconf 80' lang='lat' dir='ltr'>vestm</span> <span class='ocrx_word' id='word_1_184' title='bbox 1345 3648 1518 3732; x_wconf 77' lang='lat' dir='ltr'>adsignare</span> <span class='ocrx_word' id='word_1_185' title='bbox 1540 3647 1660 3731; x_wconf 85' lang='lat' dir='ltr'>labori,</span> 
     </span>
     <span class='ocr_line' id='line_1_31' title="bbox 727 3750 1468 3821; baseline 0 -5"><span class='ocrx_word' id='word_1_186' title='bbox 727 3750 884 3818; x_wconf 85' lang='lat' dir='ltr'>militibus</span> <span class='ocrx_word' id='word_1_187' title='bbox 906 3751 1023 3818; x_wconf 87' lang='lat' dir='ltr'>nostris</span> <span class='ocrx_word' id='word_1_188' title='bbox 1044 3752 1123 3818; x_wconf 89' lang='lat' dir='ltr'>ludo</span> <span class='ocrx_word' id='word_1_189' title='bbox 1144 3753 1227 3819; x_wconf 90' lang='lat' dir='ltr'>solet</span> <span class='ocrx_word' id='word_1_190' title='bbox 1248 3771 1322 3818; x_wconf 89' lang='lat' dir='ltr'>esse</span> <span class='ocrx_word' id='word_1_191' title='bbox 1343 3751 1468 3821; x_wconf 87' lang='lat' dir='ltr'>diurno.</span> 
     </span>
     <span class='ocr_line' id='line_1_32' title="bbox 727 3853 1611 3940; baseline 0 -21"><span class='ocrx_word' id='word_1_192' title='bbox 727 3853 787 3920; x_wconf 88' lang='lat' dir='ltr'>lroe</span> <span class='ocrx_word' id='word_1_193' title='bbox 809 3855 949 3921; x_wconf 82' lang='lat' dir='ltr'>studium</span> <span class='ocrx_word' id='word_1_194' title='bbox 971 3856 1126 3940; x_wconf 88' lang='lat' dir='ltr'>dominis,</span> <span class='ocrx_word' id='word_1_195' title='bbox 1152 3876 1193 3923; x_wconf 89' lang='lat' dir='ltr'>ea</span> <span class='ocrx_word' id='word_1_196' title='bbox 1214 3864 1289 3922; x_wconf 89' lang='lat' dir='ltr'>sunt</span> <span class='ocrx_word' id='word_1_197' title='bbox 1310 3875 1371 3922; x_wconf 88' lang='lat' dir='ltr'>sua</span> <span class='ocrx_word' id='word_1_198' title='bbox 1392 3855 1477 3922; x_wconf 75' lang='lat' dir='ltr'>sena</span> <span class='ocrx_word' id='word_1_199' title='bbox 1498 3854 1611 3921; x_wconf 84' lang='lat' dir='ltr'>seruis.</span> 
     </span>
     <span class='ocr_line' id='line_1_33' title="bbox 723 3956 1542 4046; baseline 0.001 -22"><span class='ocrx_word' id='word_1_200' title='bbox 723 3965 870 4039; x_wconf 83' lang='lat' dir='ltr'>sanetum</span> <span class='ocrx_word' id='word_1_201' title='bbox 892 3960 953 4026; x_wconf 88' lang='lat' dir='ltr'>boe</span> <span class='ocrx_word' id='word_1_202' title='bbox 973 3958 1143 4046; x_wconf 88' lang='lat' dir='ltr'>imperium</span> <span class='ocrx_word' id='word_1_203' title='bbox 1164 3967 1230 4026; x_wconf 89' lang='lat' dir='ltr'>tutu</span> <span class='ocrx_word' id='word_1_204' title='bbox 1252 3959 1299 4026; x_wconf 87' lang='lat' dir='ltr'>siu</span> <span class='ocrx_word' id='word_1_205' title='bbox 1320 3956 1426 4026; x_wconf 89' lang='lat' dir='ltr'>floruit</span> <span class='ocrx_word' id='word_1_206' title='bbox 1447 3958 1542 4042; x_wconf 87' lang='lat' dir='ltr'>orbe,</span> 
     </span>
     <span class='ocr_line' id='line_1_34' title="bbox 725 4058 1680 4147; baseline 0 -23"><span class='ocrx_word' id='word_1_207' title='bbox 725 4058 815 4125; x_wconf 85' lang='lat' dir='ltr'>bella</span> <span class='ocrx_word' id='word_1_208' title='bbox 834 4080 952 4144; x_wconf 78' lang='lat' dir='ltr'>gerens</span> <span class='ocrx_word' id='word_1_209' title='bbox 973 4081 1150 4147; x_wconf 87' lang='lat' dir='ltr'>paoemque</span> <span class='ocrx_word' id='word_1_210' title='bbox 1171 4068 1277 4129; x_wconf 86' lang='lat' dir='ltr'>tuens.</span> <span class='ocrx_word' id='word_1_211' title='bbox 1323 4080 1382 4128; x_wconf 90' lang='lat' dir='ltr'>uos</span> <span class='ocrx_word' id='word_1_212' title='bbox 1403 4080 1491 4127; x_wconf 80' lang='lat' dir='ltr'>more</span> <span class='ocrx_word' id='word_1_213' title='bbox 1512 4066 1680 4146; x_wconf 86' lang='lat' dir='ltr'>parentum</span> 
     </span>
     <span class='ocr_line' id='line_1_35' title="bbox 726 4163 1622 4250; baseline -0.002 -21"><span class='ocrx_word' id='word_1_214' title='bbox 726 4183 838 4247; x_wconf 87' lang='lat' dir='ltr'>paoem</span> <span class='ocrx_word' id='word_1_215' title='bbox 861 4163 1042 4249; x_wconf 76' lang='lat' dir='ltr'>diligimus,</span> <span class='ocrx_word' id='word_1_216' title='bbox 1067 4185 1240 4250; x_wconf 91' lang='lat' dir='ltr'>numquam</span> <span class='ocrx_word' id='word_1_217' title='bbox 1262 4164 1333 4231; x_wconf 83' lang='lat' dir='ltr'>iera</span> <span class='ocrx_word' id='word_1_218' title='bbox 1352 4165 1442 4231; x_wconf 82' lang='lat' dir='ltr'>bella</span> <span class='ocrx_word' id='word_1_219' title='bbox 1462 4164 1622 4233; x_wconf 84' lang='lat' dir='ltr'>timemus.</span> 
     </span>
     <span class='ocr_line' id='line_1_36' title="bbox 726 4266 1567 4355; baseline -0.001 -22"><span class='ocrx_word' id='word_1_220' title='bbox 726 4286 791 4351; x_wconf 86' lang='lat' dir='ltr'>pax</span> <span class='ocrx_word' id='word_1_221' title='bbox 812 4274 863 4334; x_wconf 88' lang='lat' dir='ltr'>est</span> <span class='ocrx_word' id='word_1_222' title='bbox 884 4268 1054 4351; x_wconf 73' lang='lat' dir='ltr'>subiectis,</span> <span class='ocrx_word' id='word_1_223' title='bbox 1080 4275 1216 4354; x_wconf 87' lang='lat' dir='ltr'>pereunt</span> <span class='ocrx_word' id='word_1_224' title='bbox 1236 4288 1295 4355; x_wconf 91' lang='lat' dir='ltr'>per</span> <span class='ocrx_word' id='word_1_225' title='bbox 1316 4267 1405 4334; x_wconf 86' lang='lat' dir='ltr'>bella</span> <span class='ocrx_word' id='word_1_226' title='bbox 1426 4266 1567 4351; x_wconf 86' lang='lat' dir='ltr'>superbi.</span> 
     </span>
     <span class='ocr_line' id='line_1_37' title="bbox 725 4368 1540 4457; baseline -0.002 -22"><span class='ocrx_word' id='word_1_227' title='bbox 725 4370 886 4454; x_wconf 80' lang='lat' dir='ltr'>parcimus</span> <span class='ocrx_word' id='word_1_228' title='bbox 907 4371 1070 4455; x_wconf 85' lang='lat' dir='ltr'>innoeuis,</span> <span class='ocrx_word' id='word_1_229' title='bbox 1096 4371 1181 4437; x_wconf 87' lang='lat' dir='ltr'>sonti</span> <span class='ocrx_word' id='word_1_230' title='bbox 1200 4392 1264 4438; x_wconf 90' lang='lat' dir='ltr'>non</span> <span class='ocrx_word' id='word_1_231' title='bbox 1285 4371 1447 4457; x_wconf 87' lang='lat' dir='ltr'>paruimus</span> <span class='ocrx_word' id='word_1_232' title='bbox 1470 4368 1540 4435; x_wconf 90' lang='lat' dir='ltr'>ulli.</span> 
     </span>
     <span class='ocr_line' id='line_1_38' title="bbox 726 4473 1584 4558; baseline -0.003 -19"><span class='ocrx_word' id='word_1_233' title='bbox 726 4492 778 4539; x_wconf 88' lang='lat' dir='ltr'>res</span> <span class='ocrx_word' id='word_1_234' title='bbox 799 4475 945 4542; x_wconf 87' lang='lat' dir='ltr'>Romana</span> <span class='ocrx_word' id='word_1_235' title='bbox 966 4474 1020 4542; x_wconf 89' lang='lat' dir='ltr'>dei</span> <span class='ocrx_word' id='word_1_236' title='bbox 1041 4482 1108 4557; x_wconf 88' lang='lat' dir='ltr'>est,</span> <span class='ocrx_word' id='word_1_237' title='bbox 1134 4474 1270 4542; x_wconf 88' lang='lat' dir='ltr'>terrenis</span> <span class='ocrx_word' id='word_1_238' title='bbox 1292 4495 1356 4541; x_wconf 88' lang='lat' dir='ltr'>non</span> <span class='ocrx_word' id='word_1_239' title='bbox 1377 4481 1453 4558; x_wconf 83' lang='lat' dir='ltr'>eget</span> <span class='ocrx_word' id='word_1_240' title='bbox 1474 4473 1584 4541; x_wconf 87' lang='lat' dir='ltr'>armis.</span> 
     </span>
     <span class='ocr_line' id='line_1_39' title="bbox 724 4575 1481 4663; baseline 0.005 -23"><span class='ocrx_word' id='word_1_241' title='bbox 724 4575 794 4643; x_wconf 86' lang='lat' dir='ltr'>iure</span> <span class='ocrx_word' id='word_1_242' title='bbox 816 4577 871 4663; x_wconf 93' lang='lat' dir='ltr'>pio</span> <span class='ocrx_word' id='word_1_243' title='bbox 891 4577 986 4644; x_wconf 81' lang='lat' dir='ltr'>vivit:</span> <span class='ocrx_word' id='word_1_244' title='bbox 1012 4577 1133 4644; x_wconf 90' lang='lat' dir='ltr'>bellum</span> <span class='ocrx_word' id='word_1_245' title='bbox 1155 4599 1219 4643; x_wconf 89' lang='lat' dir='ltr'>uon</span> <span class='ocrx_word' id='word_1_246' title='bbox 1240 4578 1360 4662; x_wconf 73' lang='lat' dir='ltr'>ingerit</span> <span class='ocrx_word' id='word_1_247' title='bbox 1379 4577 1481 4659; x_wconf 87' lang='lat' dir='ltr'>ultro,</span> 
     </span>
    </p>

    <p class='ocr_par' dir='ltr' id='par_1_6' title="bbox 616 4680 1620 5180">
     <span class='ocr_line' id='line_1_40' title="bbox 616 4680 1505 4767; baseline 0.007 -26"><span class='ocrx_word' id='word_1_248' title='bbox 616 4703 629 4741; x_wconf 81' lang='lat' dir='ltr'>s</span> <span class='ocrx_word' id='word_1_249' title='bbox 724 4680 859 4767; x_wconf 85' lang='lat' dir='ltr'>suseipit</span> <span class='ocrx_word' id='word_1_250' title='bbox 877 4680 1025 4747; x_wconf 86' lang='lat' dir='ltr'>inlatum.</span> <span class='ocrx_word' id='word_1_251' title='bbox 1072 4681 1126 4746; x_wconf 86' lang='lat' dir='ltr'>vel</span> <span class='ocrx_word' id='word_1_252' title='bbox 1148 4681 1176 4746; x_wconf 88' lang='lat' dir='ltr'>si</span> <span class='ocrx_word' id='word_1_253' title='bbox 1198 4680 1319 4748; x_wconf 74' lang='lat' dir='ltr'>somire</span> <span class='ocrx_word' id='word_1_254' title='bbox 1340 4680 1505 4766; x_wconf 81' lang='lat' dir='ltr'>negabunt</span> 
     </span>
     <span class='ocr_line' id='line_1_41' title="bbox 722 4781 1620 4870; baseline -0.001 -23"><span class='ocrx_word' id='word_1_255' title='bbox 722 4781 871 4868; x_wconf 80' lang='lat' dir='ltr'>ingratae</span> <span class='ocrx_word' id='word_1_256' title='bbox 892 4790 1023 4868; x_wconf 83' lang='lat' dir='ltr'>gentes,</span> <span class='ocrx_word' id='word_1_257' title='bbox 1048 4783 1186 4870; x_wconf 92' lang='lat' dir='ltr'>primum</span> <span class='ocrx_word' id='word_1_258' title='bbox 1207 4791 1316 4850; x_wconf 88' lang='lat' dir='ltr'>tamen</span> <span class='ocrx_word' id='word_1_259' title='bbox 1337 4783 1489 4851; x_wconf 86' lang='lat' dir='ltr'>admonet</span> <span class='ocrx_word' id='word_1_260' title='bbox 1510 4783 1620 4848; x_wconf 88' lang='lat' dir='ltr'>hostes</span> 
     </span>
     <span class='ocr_line' id='line_1_42' title="bbox 725 4887 1584 4973; baseline 0.001 -22"><span class='ocrx_word' id='word_1_261' title='bbox 725 4907 810 4955; x_wconf 90' lang='lat' dir='ltr'>more</span> <span class='ocrx_word' id='word_1_262' title='bbox 832 4887 1045 4972; x_wconf 81' lang='lat' dir='ltr'>gubernandi.</span> <span class='ocrx_word' id='word_1_263' title='bbox 1092 4887 1231 4953; x_wconf 89' lang='lat' dir='ltr'>monitus</span> <span class='ocrx_word' id='word_1_264' title='bbox 1254 4888 1310 4972; x_wconf 93' lang='lat' dir='ltr'>qui</span> <span class='ocrx_word' id='word_1_265' title='bbox 1332 4888 1467 4973; x_wconf 81' lang='lat' dir='ltr'>suscipit</span> <span class='ocrx_word' id='word_1_266' title='bbox 1486 4887 1584 4969; x_wconf 85' lang='lat' dir='ltr'>istos,</span> 
     </span>
     <span class='ocr_line' id='line_1_43' title="bbox 723 4990 1505 5078; baseline -0.003 -20"><span class='ocrx_word' id='word_1_267' title='bbox 723 4990 804 5058; x_wconf 82' lang='lat' dir='ltr'>vivit</span> <span class='ocrx_word' id='word_1_268' title='bbox 824 4999 857 5058; x_wconf 89' lang='lat' dir='ltr'>et</span> <span class='ocrx_word' id='word_1_269' title='bbox 878 5012 899 5057; x_wconf 90' lang='lat' dir='ltr'>a</span> <span class='ocrx_word' id='word_1_270' title='bbox 920 4991 1012 5057; x_wconf 91' lang='lat' dir='ltr'>uobis</span> <span class='ocrx_word' id='word_1_271' title='bbox 1035 4991 1165 5058; x_wconf 88' lang='lat' dir='ltr'>meritus</span> <span class='ocrx_word' id='word_1_272' title='bbox 1186 4997 1337 5078; x_wconf 76' lang='lat' dir='ltr'>expectat</span> <span class='ocrx_word' id='word_1_273' title='bbox 1358 4991 1505 5057; x_wconf 89' lang='lat' dir='ltr'>bonores.</span> 
     </span>
     <span class='ocr_line' id='line_1_44' title="bbox 723 5092 1607 5180; baseline -0.003 -20"><span class='ocrx_word' id='word_1_274' title='bbox 723 5094 868 5179; x_wconf 89' lang='lat' dir='ltr'>quisquis</span> <span class='ocrx_word' id='word_1_275' title='bbox 890 5101 979 5162; x_wconf 86' lang='lat' dir='ltr'>amat</span> <span class='ocrx_word' id='word_1_276' title='bbox 999 5115 1128 5180; x_wconf 86' lang='lat' dir='ltr'>paoem,</span> <span class='ocrx_word' id='word_1_277' title='bbox 1152 5100 1241 5161; x_wconf 91' lang='lat' dir='ltr'>tutus</span> <span class='ocrx_word' id='word_1_278' title='bbox 1263 5094 1323 5161; x_wconf 88' lang='lat' dir='ltr'>sub</span> <span class='ocrx_word' id='word_1_279' title='bbox 1346 5114 1427 5179; x_wconf 85' lang='lat' dir='ltr'>paee</span> <span class='ocrx_word' id='word_1_280' title='bbox 1449 5092 1607 5161; x_wconf 86' lang='lat' dir='ltr'>mauebit:</span> 
     </span>
    </p>

    <p class='ocr_par' dir='ltr' id='par_1_7' title="bbox 579 5197 1571 5283">
     <span class='ocr_line' id='line_1_45' title="bbox 579 5197 1571 5283; baseline 0 -23"><span class='ocrx_word' id='word_1_281' title='bbox 579 5219 627 5260; x_wconf 82' lang='lat' dir='ltr'>ure</span> <span class='ocrx_word' id='word_1_282' title='bbox 723 5205 756 5264; x_wconf 90' lang='lat' dir='ltr'>et</span> <span class='ocrx_word' id='word_1_283' title='bbox 776 5198 831 5281; x_wconf 92' lang='lat' dir='ltr'>qui</span> <span class='ocrx_word' id='word_1_284' title='bbox 852 5199 941 5266; x_wconf 89' lang='lat' dir='ltr'>bella</span> <span class='ocrx_word' id='word_1_285' title='bbox 961 5199 1091 5283; x_wconf 84' lang='lat' dir='ltr'>volunt,</span> <span class='ocrx_word' id='word_1_286' title='bbox 1116 5198 1275 5264; x_wconf 89' lang='lat' dir='ltr'>bellorum</span> <span class='ocrx_word' id='word_1_287' title='bbox 1296 5197 1391 5264; x_wconf 84' lang='lat' dir='ltr'>elude</span> <span class='ocrx_word' id='word_1_288' title='bbox 1412 5197 1571 5283; x_wconf 88' lang='lat' dir='ltr'>peribunt.</span> 
     </span>
    </p>
   </div>
   <div class='ocr_carea' id='block_1_3' title="bbox 331 5387 1962 5966">
    <p class='ocr_par' dir='ltr' id='par_1_8' title="bbox 331 5387 1962 5966">
     <span class='ocr_line' id='line_1_46' title="bbox 404 5387 1962 5455; baseline 0 -14"><span class='ocrx_word' id='word_1_289' title='bbox 404 5389 523 5455; x_wconf 73' lang='lat' dir='ltr'>terpus</span> <span class='ocrx_word' id='word_1_290' title='bbox 536 5396 547 5440; x_wconf 90' lang='lat' dir='ltr'>l</span> <span class='ocrx_word' id='word_1_291' title='bbox 560 5407 605 5454; x_wconf 86' lang='lat' dir='ltr'>m.,</span> <span class='ocrx_word' id='word_1_292' title='bbox 619 5393 748 5455; x_wconf 66' lang='lat' dir='ltr'>parsim.</span> <span class='ocrx_word' id='word_1_293' title='bbox 763 5389 792 5437; x_wconf 93' lang='grc' dir='ltr'><em>Μ</em></span> <span class='ocrx_word' id='word_1_294' title='bbox 888 5389 939 5440; x_wconf 89' lang='grc'>299</span> <span class='ocrx_word' id='word_1_295' title='bbox 952 5390 1075 5454; x_wconf 79' lang='lat' dir='ltr'>dirruptis</span> <span class='ocrx_word' id='word_1_296' title='bbox 1088 5390 1116 5437; x_wconf 98' lang='grc' dir='ltr'><em>Μ</em></span> <span class='ocrx_word' id='word_1_297' title='bbox 1209 5388 1259 5439; x_wconf 78' lang='grc'>300</span> <span class='ocrx_word' id='word_1_298' title='bbox 1272 5390 1354 5438; x_wconf 83' lang='lat' dir='ltr'>seltiul</span> <span class='ocrx_word' id='word_1_299' title='bbox 1367 5388 1396 5437; x_wconf 89' lang='grc' dir='ltr'><em>Μ</em></span> <span class='ocrx_word' id='word_1_300' title='bbox 1488 5388 1633 5450; x_wconf 66' lang='lat' dir='ltr'>intulistis,</span> <span class='ocrx_word' id='word_1_301' title='bbox 1648 5389 1696 5439; x_wconf 80' lang='lat' dir='ltr'>atri</span> <span class='ocrx_word' id='word_1_302' title='bbox 1708 5387 1744 5450; x_wconf 93' lang='grc' dir='ltr'>Μ,</span> <span class='ocrx_word' id='word_1_303' title='bbox 1758 5392 1817 5439; x_wconf 87' lang='lat' dir='ltr'>astri</span> <span class='ocrx_word' id='word_1_304' title='bbox 1828 5391 1887 5452; x_wconf 74' lang='lat' dir='ltr'>isati</span> <span class='ocrx_word' id='word_1_305' title='bbox 1897 5390 1962 5441; x_wconf 71' lang='lat' dir='ltr'>Bau</span> 
     </span>
     <span class='ocr_line' id='line_1_47' title="bbox 338 5473 1961 5539; baseline -0.001 -12"><span class='ocrx_word' id='word_1_306' title='bbox 338 5477 434 5539; x_wconf 74' lang='lat' dir='ltr'>(forsan</span> <span class='ocrx_word' id='word_1_307' title='bbox 445 5481 472 5526; x_wconf 81' lang='lat' dir='ltr'>in</span> <span class='ocrx_word' id='word_1_308' title='bbox 483 5478 562 5527; x_wconf 81' lang='lat' dir='ltr'>eodlee</span> <span class='ocrx_word' id='word_1_309' title='bbox 578 5477 608 5538; x_wconf 77' lang='lat' dir='ltr'>Ol</span> <span class='ocrx_word' id='word_1_310' title='bbox 709 5476 759 5527; x_wconf 80' lang='grc'>394</span> <span class='ocrx_word' id='word_1_311' title='bbox 777 5482 862 5527; x_wconf 85' lang='lat' dir='ltr'>saneta</span> <span class='ocrx_word' id='word_1_312' title='bbox 875 5478 952 5538; x_wconf 75' lang='lat' dir='ltr'>l&#39;ope.</span> <span class='ocrx_word' id='word_1_313' title='bbox 1052 5475 1100 5526; x_wconf 82' lang='grc'>397</span> <span class='ocrx_word' id='word_1_314' title='bbox 1121 5476 1207 5526; x_wconf 86' lang='lat' dir='ltr'>deuita</span> <span class='ocrx_word' id='word_1_315' title='bbox 1219 5480 1232 5524; x_wconf 88' lang='lat' dir='ltr'>l</span> <span class='ocrx_word' id='word_1_316' title='bbox 1246 5490 1292 5537; x_wconf 84' lang='lat' dir='ltr'>na,</span> <span class='ocrx_word' id='word_1_317' title='bbox 1314 5475 1400 5524; x_wconf 86' lang='lat' dir='ltr'>debita</span> <span class='ocrx_word' id='word_1_318' title='bbox 1412 5476 1428 5523; x_wconf 80' lang='grc'>2</span> <span class='ocrx_word' id='word_1_319' title='bbox 1439 5490 1473 5525; x_wconf 85' lang='lat' dir='ltr'>m.</span> <span class='ocrx_word' id='word_1_320' title='bbox 1489 5473 1518 5522; x_wconf 87' lang='grc' dir='ltr'><em>Μ</em></span> <span class='ocrx_word' id='word_1_321' title='bbox 1602 5475 1758 5524; x_wconf 70' lang='lat' dir='ltr'>manumittas</span> <span class='ocrx_word' id='word_1_322' title='bbox 1769 5478 1864 5539; x_wconf 66' lang='lat' dir='ltr'>arqui,</span> <span class='ocrx_word' id='word_1_323' title='bbox 1878 5482 1961 5526; x_wconf 72' lang='lat' dir='ltr'>maus·</span> 
     </span>
     <span class='ocr_line' id='line_1_48' title="bbox 336 5559 1960 5628; baseline -0.001 -16"><span class='ocrx_word' id='word_1_324' title='bbox 336 5567 407 5614; x_wconf 84' lang='lat' dir='ltr'>mitta</span> <span class='ocrx_word' id='word_1_325' title='bbox 420 5564 455 5627; x_wconf 81' lang='grc' dir='ltr'>Μ,</span> <span class='ocrx_word' id='word_1_326' title='bbox 469 5565 634 5613; x_wconf 81' lang='lat' dir='ltr'>transmittite</span> <span class='ocrx_word' id='word_1_327' title='bbox 645 5565 705 5626; x_wconf 66' lang='lat' dir='ltr'>levit</span> <span class='ocrx_word' id='word_1_328' title='bbox 716 5563 789 5628; x_wconf 79' lang='lat' dir='ltr'>Buta,</span> <span class='ocrx_word' id='word_1_329' title='bbox 803 5563 967 5613; x_wconf 75' lang='lat' dir='ltr'>transmittite</span> <span class='ocrx_word' id='word_1_330' title='bbox 978 5564 1090 5625; x_wconf 69' lang='lat' dir='ltr'>Darspat.</span> <span class='ocrx_word' id='word_1_331' title='bbox 1178 5561 1229 5612; x_wconf 84' lang='grc'>303</span> <span class='ocrx_word' id='word_1_332' title='bbox 1241 5563 1269 5610; x_wconf 89' lang='lat' dir='ltr'>in</span> <span class='ocrx_word' id='word_1_333' title='bbox 1281 5561 1315 5621; x_wconf 86' lang='grc' dir='ltr'>Μ,</span> <span class='ocrx_word' id='word_1_334' title='bbox 1331 5562 1362 5610; x_wconf 85' lang='lat' dir='ltr'>ab</span> <span class='ocrx_word' id='word_1_335' title='bbox 1374 5560 1430 5609; x_wconf 77' lang='lat' dir='ltr'>itte.</span> <span class='ocrx_word' id='word_1_336' title='bbox 1523 5559 1573 5609; x_wconf 87' lang='grc'>312</span> <span class='ocrx_word' id='word_1_337' title='bbox 1585 5560 1710 5610; x_wconf 82' lang='lat' dir='ltr'>modestos</span> <span class='ocrx_word' id='word_1_338' title='bbox 1722 5559 1759 5621; x_wconf 88' lang='grc' dir='ltr'>Μ,</span> <span class='ocrx_word' id='word_1_339' title='bbox 1772 5562 1854 5611; x_wconf 83' lang='lat' dir='ltr'>littera</span> <span class='ocrx_word' id='word_1_340' title='bbox 1866 5576 1879 5610; x_wconf 91' lang='lat' dir='ltr'>s</span> <span class='ocrx_word' id='word_1_341' title='bbox 1891 5577 1960 5611; x_wconf 65' lang='lat' dir='ltr'>ausu</span> 
     </span>
     <span class='ocr_line' id='line_1_49' title="bbox 334 5645 1960 5713; baseline -0.002 -13"><span class='ocrx_word' id='word_1_342' title='bbox 334 5650 384 5700; x_wconf 83' lang='lat' dir='ltr'>3l3</span> <span class='ocrx_word' id='word_1_343' title='bbox 401 5652 525 5713; x_wconf 87' lang='lat' dir='ltr'>pronitate</span> <span class='ocrx_word' id='word_1_344' title='bbox 539 5654 550 5698; x_wconf 89' lang='lat' dir='ltr'>l</span> <span class='ocrx_word' id='word_1_345' title='bbox 565 5666 611 5711; x_wconf 86' lang='lat' dir='ltr'>m.,</span> <span class='ocrx_word' id='word_1_346' title='bbox 624 5651 748 5713; x_wconf 84' lang='lat' dir='ltr'>probitate</span> <span class='ocrx_word' id='word_1_347' title='bbox 761 5652 823 5701; x_wconf 67' lang='lat' dir='ltr'>im.</span> <span class='ocrx_word' id='word_1_348' title='bbox 838 5648 867 5696; x_wconf 93' lang='grc' dir='ltr'><em>Μ</em></span> <span class='ocrx_word' id='word_1_349' title='bbox 969 5648 1019 5698; x_wconf 74' lang='grc'>314</span> <span class='ocrx_word' id='word_1_350' title='bbox 1036 5649 1098 5697; x_wconf 84' lang='lat' dir='ltr'>loeis</span> <span class='ocrx_word' id='word_1_351' title='bbox 1111 5648 1184 5707; x_wconf 81' lang='lat' dir='ltr'>Bais,</span> <span class='ocrx_word' id='word_1_352' title='bbox 1197 5649 1250 5697; x_wconf 86' lang='lat' dir='ltr'>loeo</span> <span class='ocrx_word' id='word_1_353' title='bbox 1262 5652 1275 5695; x_wconf 89' lang='lat' dir='ltr'>l</span> <span class='ocrx_word' id='word_1_354' title='bbox 1288 5663 1335 5707; x_wconf 77' lang='lat' dir='ltr'>rra,</span> <span class='ocrx_word' id='word_1_355' title='bbox 1350 5648 1415 5696; x_wconf 87' lang='lat' dir='ltr'>loous</span> <span class='ocrx_word' id='word_1_356' title='bbox 1427 5649 1444 5695; x_wconf 79' lang='grc'>2</span> <span class='ocrx_word' id='word_1_357' title='bbox 1455 5662 1488 5695; x_wconf 88' lang='lat' dir='ltr'>m.</span> <span class='ocrx_word' id='word_1_358' title='bbox 1505 5645 1534 5693; x_wconf 93' lang='grc' dir='ltr'><em>Μ</em></span> <span class='ocrx_word' id='word_1_359' title='bbox 1618 5652 1645 5696; x_wconf 85' lang='lat' dir='ltr'>at</span> <span class='ocrx_word' id='word_1_360' title='bbox 1657 5646 1729 5709; x_wconf 78' lang='lat' dir='ltr'>Buta,</span> <span class='ocrx_word' id='word_1_361' title='bbox 1743 5662 1758 5696; x_wconf 88' lang='lat' dir='ltr'>e</span> <span class='ocrx_word' id='word_1_362' title='bbox 1772 5646 1800 5694; x_wconf 93' lang='grc' dir='ltr'><em>Μ</em></span> <span class='ocrx_word' id='word_1_363' title='bbox 1885 5662 1960 5710; x_wconf 85' lang='lat' dir='ltr'>supe-</span> 
     </span>
     <span class='ocr_line' id='line_1_50' title="bbox 335 5731 1960 5800; baseline -0.003 -13"><span class='ocrx_word' id='word_1_364' title='bbox 335 5740 388 5787; x_wconf 91' lang='lat' dir='ltr'>ruls</span> <span class='ocrx_word' id='word_1_365' title='bbox 402 5742 414 5786; x_wconf 91' lang='lat' dir='ltr'>l</span> <span class='ocrx_word' id='word_1_366' title='bbox 429 5754 475 5799; x_wconf 86' lang='lat' dir='ltr'>m.,</span> <span class='ocrx_word' id='word_1_367' title='bbox 489 5738 604 5800; x_wconf 87' lang='lat' dir='ltr'>superbis</span> <span class='ocrx_word' id='word_1_368' title='bbox 618 5738 679 5786; x_wconf 65' lang='lat' dir='ltr'>im.</span> <span class='ocrx_word' id='word_1_369' title='bbox 696 5736 723 5783; x_wconf 90' lang='grc' dir='ltr'><em>Μ</em></span> <span class='ocrx_word' id='word_1_370' title='bbox 825 5735 876 5785; x_wconf 80' lang='grc'>318</span> <span class='ocrx_word' id='word_1_371' title='bbox 893 5736 991 5784; x_wconf 84' lang='lat' dir='ltr'>laetitet</span> <span class='ocrx_word' id='word_1_372' title='bbox 1003 5739 1015 5783; x_wconf 91' lang='lat' dir='ltr'>i</span> <span class='ocrx_word' id='word_1_373' title='bbox 1029 5750 1075 5795; x_wconf 74' lang='lat' dir='ltr'>nu,</span> <span class='ocrx_word' id='word_1_374' title='bbox 1090 5735 1186 5783; x_wconf 87' lang='lat' dir='ltr'>iautltat</span> <span class='ocrx_word' id='word_1_375' title='bbox 1197 5736 1214 5782; x_wconf 82' lang='grc'>2</span> <span class='ocrx_word' id='word_1_376' title='bbox 1224 5749 1259 5784; x_wconf 86' lang='lat' dir='ltr'>m.</span> <span class='ocrx_word' id='word_1_377' title='bbox 1275 5733 1303 5780; x_wconf 98' lang='grc' dir='ltr'><em>Μ</em></span> <span class='ocrx_word' id='word_1_378' title='bbox 1405 5731 1456 5782; x_wconf 85' lang='grc'>322</span> <span class='ocrx_word' id='word_1_379' title='bbox 1474 5733 1581 5793; x_wconf 61' lang='lat' dir='ltr'>tepens</span> <span class='ocrx_word' id='word_1_380' title='bbox 1594 5732 1622 5779; x_wconf 98' lang='grc' dir='ltr'><em>Μ</em></span> <span class='ocrx_word' id='word_1_381' title='bbox 1724 5731 1774 5781; x_wconf 88' lang='grc'>323</span> <span class='ocrx_word' id='word_1_382' title='bbox 1793 5734 1886 5793; x_wconf 75' lang='lat' dir='ltr'>ignaris</span> <span class='ocrx_word' id='word_1_383' title='bbox 1898 5732 1927 5781; x_wconf 83' lang='grc' dir='ltr'><em>Μ</em></span> <span class='ocrx_word' id='word_1_384' title='bbox 1937 5738 1960 5782; x_wconf 76' lang='lat' dir='ltr'>tt</span> 
     </span>
     <span class='ocr_line' id='line_1_51' title="bbox 331 5817 1959 5886; baseline -0.003 -12"><span class='ocrx_word' id='word_1_385' title='bbox 331 5840 417 5886; x_wconf 70' lang='lat' dir='ltr'>aromo</span> <span class='ocrx_word' id='word_1_386' title='bbox 427 5824 501 5886; x_wconf 77' lang='lat' dir='ltr'>Rois,</span> <span class='ocrx_word' id='word_1_387' title='bbox 515 5825 618 5884; x_wconf 75' lang='lat' dir='ltr'>ignarus</span> <span class='ocrx_word' id='word_1_388' title='bbox 628 5822 692 5871; x_wconf 74' lang='lat' dir='ltr'>uuo</span> <span class='ocrx_word' id='word_1_389' title='bbox 704 5822 742 5879; x_wconf 76' lang='lat' dir='ltr'>(aa</span> <span class='ocrx_word' id='word_1_390' title='bbox 754 5822 784 5884; x_wconf 79' lang='lat'>0]</span> <span class='ocrx_word' id='word_1_391' title='bbox 866 5820 915 5871; x_wconf 80' lang='lat' dir='ltr'>eat</span> <span class='ocrx_word' id='word_1_392' title='bbox 928 5819 1094 5883; x_wconf 74' lang='lat' dir='ltr'>austensii,</span> <span class='ocrx_word' id='word_1_393' title='bbox 1109 5822 1218 5869; x_wconf 78' lang='lat' dir='ltr'>sumeris</span> <span class='ocrx_word' id='word_1_394' title='bbox 1229 5820 1366 5870; x_wconf 71' lang='lat' dir='ltr'>Marmara</span> <span class='ocrx_word' id='word_1_395' title='bbox 1442 5817 1492 5867; x_wconf 84' lang='grc'>335</span> <span class='ocrx_word' id='word_1_396' title='bbox 1505 5820 1631 5878; x_wconf 67' lang='lat' dir='ltr'>negabunt</span> <span class='ocrx_word' id='word_1_397' title='bbox 1642 5818 1675 5880; x_wconf 85' lang='lat' dir='ltr'>M,</span> <span class='ocrx_word' id='word_1_398' title='bbox 1691 5826 1815 5880; x_wconf 67' lang='lat' dir='ltr'>negarunt</span> <span class='ocrx_word' id='word_1_399' title='bbox 1825 5819 1959 5869; x_wconf 73' lang='grc' dir='ltr'>Μυπιπικπ</span> 
     </span>
     <span class='ocr_line' id='line_1_52' title="bbox 334 5902 1961 5966; baseline -0.006 -5"><span class='ocrx_word' id='word_1_400' title='bbox 334 5910 383 5961; x_wconf 84' lang='grc'>336</span> <span class='ocrx_word' id='word_1_401' title='bbox 401 5918 468 5959; x_wconf 84' lang='lat' dir='ltr'>ostes</span> <span class='ocrx_word' id='word_1_402' title='bbox 482 5908 510 5956; x_wconf 92' lang='grc' dir='ltr'><em>Μ</em></span> <span class='ocrx_word' id='word_1_403' title='bbox 606 5908 655 5957; x_wconf 76' lang='grc'>332</span> <span class='ocrx_word' id='word_1_404' title='bbox 674 5908 825 5957; x_wconf 84' lang='lat' dir='ltr'>tnuernaudi</span> <span class='ocrx_word' id='word_1_405' title='bbox 837 5910 944 5957; x_wconf 87' lang='lat' dir='ltr'>monitos</span> <span class='ocrx_word' id='word_1_406' title='bbox 958 5911 969 5955; x_wconf 88' lang='lat' dir='ltr'>l</span> <span class='ocrx_word' id='word_1_407' title='bbox 984 5922 1030 5965; x_wconf 77' lang='lat' dir='ltr'>nu,</span> <span class='ocrx_word' id='word_1_408' title='bbox 1045 5907 1199 5966; x_wconf 68' lang='lat' dir='ltr'>gubernandi</span> <span class='ocrx_word' id='word_1_409' title='bbox 1211 5908 1322 5955; x_wconf 87' lang='lat' dir='ltr'>monitus</span> <span class='ocrx_word' id='word_1_410' title='bbox 1334 5908 1395 5955; x_wconf 71' lang='lat' dir='ltr'>im.</span> <span class='ocrx_word' id='word_1_411' title='bbox 1411 5904 1439 5952; x_wconf 93' lang='grc' dir='ltr'><em>Μ</em></span> <span class='ocrx_word' id='word_1_412' title='bbox 1536 5902 1586 5952; x_wconf 91' lang='grc'>339</span> <span class='ocrx_word' id='word_1_413' title='bbox 1604 5909 1697 5954; x_wconf 87' lang='lat' dir='ltr'>totusl</span> <span class='ocrx_word' id='word_1_414' title='bbox 1712 5920 1757 5964; x_wconf 76' lang='lat' dir='ltr'>un,</span> <span class='ocrx_word' id='word_1_415' title='bbox 1772 5910 1845 5954; x_wconf 84' lang='lat' dir='ltr'>tutus</span> <span class='ocrx_word' id='word_1_416' title='bbox 1857 5908 1873 5953; x_wconf 78' lang='grc'>2</span> <span class='ocrx_word' id='word_1_417' title='bbox 1884 5919 1917 5953; x_wconf 90' lang='lat' dir='ltr'>m.</span> <span class='ocrx_word' id='word_1_418' title='bbox 1933 5904 1961 5952; x_wconf 86' lang='grc' dir='ltr'><em>Μ</em></span> 
     </span>
    </p>
   </div>
   <div class='ocr_carea' id='block_1_4' title="bbox 411 6007 1750 6058">
    <p class='ocr_par' dir='ltr' id='par_1_9' title="bbox 411 6007 1750 6058">
     <span class='ocr_line' id='line_1_53' title="bbox 411 6007 1750 6058; baseline 0.004 -6"><span class='ocrx_word' id='word_1_419' title='bbox 411 6009 531 6053; x_wconf 76' lang='lat' dir='ltr'>Goumrrs.</span> <span class='ocrx_word' id='word_1_420' title='bbox 1718 6007 1750 6058; x_wconf 86' lang='grc'>19</span> 
     </span>
    </p>
   </div>
   <div class='ocr_carea' id='block_1_5' title="bbox 0 0 2522 6730">
    <p class='ocr_par' dir='ltr' id='par_1_10' title="bbox 0 0 2522 6730">
     <span class='ocr_line' id='line_1_54' title="bbox 0 0 2522 6730; baseline 0 3"><span class='ocrx_word' id='word_1_421' title='bbox 0 0 2522 6730; x_wconf 95' lang='lat' dir='ltr'> </span> 
     </span>
    </p>
   </div>
  </div>
 </body>
</html>
