5030 6734
1275 521 1425 578 CORIPPI

924 714 1000 778 dum
1022 713 1112 776 loeus
1134 717 1199 792 est,
1225 711 1280 794 qui
1302 717 1417 777 euneta
1439 710 1514 777 duei
1536 713 1710 780 manifesta
1731 717 1894 783 resolvant

923 815 1087 881 Oaroasan
1107 832 1227 878 aroana
1248 812 1324 878 sui'.
1369 832 1429 879 nee
1451 815 1546 898 plura
1567 815 1673 881 loeuto

922 916 1039 983 obvius
1061 935 1135 982 eoee
1156 915 1246 981 venit
1267 914 1444 999 Varianus,
1470 917 1609 1000 belliger
1630 918 1687 985 ille

922 1018 1077 1085 terribihs
1099 1017 1258 1103 quondam
1280 1018 1398 1084 nostris
1420 1018 1560 1103 stipante
1583 1027 1722 1087 eaterva.

922 1121 976 1186 hie
996 1121 1149 1205 pinnatus
1170 1127 1256 1201 erat,
1282 1140 1346 1186 non
1368 1141 1463 1204 quem
1485 1122 1672 1206 placaverat
1692 1133 1768 1192 ante

923 1223 1108 1308 ensipotens
1132 1223 1311 1289 Solumuth.
1357 1224 1486 1307 geneda
1508 1231 1616 1291 tamen
1637 1245 1735 1311 asper
1756 1236 1890 1313 uterque

923 1326 1081 1409 sanguine
1103 1325 1276 1409 proximior
1298 1344 1371 1392 sese
1393 1346 1451 1410 per
1471 1327 1561 1392 bella
1582 1328 1716 1394 ferebat.

922 1428 1008 1493 hune
1030 1427 1085 1492 ubi
1107 1427 1305 1512 prospiciens
1327 1436 1436 1494 eontra
1458 1429 1626 1496 Liberatus
1650 1438 1778 1499 euntem

922 1530 1005 1597 vidit
1026 1536 1058 1595 et
1080 1530 1194 1595 ereetis
1216 1537 1426 1614 temptantem
1448 1532 1571 1615 proelia
1594 1531 1731 1617 dextris,

921 1632 1014 1698 irruit
1033 1633 1105 1716 ipse
1127 1632 1231 1718 prior,
1258 1641 1444 1716 turmasque
1466 1634 1592 1701 invadit
1612 1645 1791 1721 equestres.

921 1735 997 1801 inde
1019 1734 1123 1801 ferum
1145 1736 1290 1800 Veuman
1312 1736 1421 1801 valido
1442 1757 1500 1821 per
1520 1745 1651 1822 peetora
1673 1741 1740 1825 pilo
1916 1824 1920 1831 ι

921 1837 1129 1921 transadigit,
1156 1838 1340 1922 Martioque
1363 1839 1434 1905 neci
1456 1840 1645 1924 nigrumque
1668 1844 1847 1910 Lamaldan

922 1946 955 2006 et
978 1940 1073 2005 Zeias
1095 1940 1186 2006 dedit
1207 1958 1284 2006 ense
1306 1941 1416 2024 gravi,
1443 1942 1620 2026 fortemque
1642 1944 1761 2010 Tifilan

922 2049 955 2108 et
976 2043 1137 2108 Bureanta
1157 2043 1353 2125 Nathunque
1375 2043 1451 2109 ferit
1472 2044 1659 2128 Sorzunque
1681 2047 1833 2130 Tilinque

922 2143 1161 2227 ensiferumque
1183 2145 1303 2227 Niean,
1329 2146 1461 2211 eomites
1483 2147 1556 2229 quis
1577 2148 1674 2213 mittit
1695 2149 1738 2214 ad
1760 2151 1890 2216 umbras

922 2246 1098 2312 terribilem
1120 2247 1208 2313 Asan
1231 2254 1264 2314 et
1284 2248 1461 2314 vibrantem
1485 2249 1609 2316 missile
1631 2251 1798 2319 Dextrum.

921 2348 1078 2415 audaeem
1100 2350 1214 2415 Petrus
1235 2350 1378 2415 Tefaran
1400 2351 1577 2417 confixerat
1597 2352 1708 2434 hasta,

922 2472 1017 2534 quem
1040 2452 1120 2537 petit
1140 2453 1276 2518 infensis
1297 2455 1470 2520 laetantem
1493 2454 1661 2519 lammada
1681 2457 1768 2523 telis.

922 2554 1007 2620 huno
1028 2561 1136 2620 tamen
1159 2563 1327 2639 exceptum
1349 2556 1464 2621 Petrus
1485 2577 1636 2623 muerone
1659 2559 1813 2643 peremit,

921 2657 1050 2724 vertiois
1072 2657 1139 2723 alta
1160 2663 1268 2723 rotans
1290 2659 1445 2724 moneatis
1466 2666 1610 2744 tempora
1631 2661 1733 2726 venis.

796 2787 818 2823 ·.
922 2758 1104 2843 Stephanus
1126 2760 1272 2841 Altisan,
1298 2760 1408 2825 Tarah
1430 2761 1504 2826 ferit
1525 2781 1603 2827 ense
1624 2763 1830 2847 Iugurtham,

922 2861 1108 2926 hluriferum
1130 2862 1259 2927 Priseus
1280 2863 1525 2947 Ielidassenque
1547 2865 1703 2945 Caresus,

921 2963 1056 3029 Silvutis
1078 2965 1267 3047 Zembrum,
1293 2965 1448 3050 Grorgius
1470 2966 1595 3033 oonfieit
1615 2968 1760 3053 Auspur,

921 3067 1054 3132 vulnere
1075 3067 1261 3152 perfodiens
1284 3074 1446 3135 contortae
1468 3070 1612 3153 euspidis
1634 3070 1764 3154 inguen.

1005 3169 1092 3234 vieta
1113 3170 1256 3254 phalanx
1278 3191 1405 3237 versum
1428 3171 1563 3238 dederat
1583 3172 1748 3239 Maurusia
1770 3173 1908 3239 dorsum.

920 3271 1075 3337 victorum
1096 3272 1239 3355 sequitur
1260 3273 1362 3355 pubes
1382 3275 1540 3358 veloxque
1562 3275 1718 3340 tribunus.

920 3373 1022 3456 surgit
1044 3373 1087 3439 ad
1108 3374 1278 3441 aethereos
1299 3377 1401 3442 nubes
1424 3377 1617 3443 densissima
1639 3397 1786 3463 eampos,

920 3477 1052 3559 pulvere
1075 3477 1161 3543 faeta
1182 3477 1292 3561 fugae.
1339 3480 1417 3545 duro
1440 3486 1534 3545 sonat
1554 3481 1678 3563 ungula
1699 3501 1813 3563 romu,

919 3587 953 3646 et
974 3581 1054 3646 latet
1074 3581 1216 3666 aspersis
1239 3601 1370 3666 campus
1393 3591 1560 3667 ooopertus
1581 3583 1723 3649 harenis.

920 3684 1126 3769 semipedum
1149 3683 1275 3750 fodiens
1297 3684 1406 3750 densis
1429 3686 1607 3751 oaloaribus
1629 3705 1735 3771 armos

918 3786 1020 3852 hostis
1043 3793 1177 3869 uterque
1200 3788 1297 3852 volat.
1345 3787 1488 3870 sequitur
1509 3795 1584 3854 tune
1605 3789 1737 3871 agmina
1758 3790 1881 3873 pulvis,

920 3888 1142 3972 significatque
1164 3889 1246 3954 vias.
1293 3889 1420 3973 dirupto
1443 3909 1570 3955 earoere
1592 3897 1706 3956 ventus

918 4011 981 4056 non
1003 3991 1099 4056 aliter
1119 3998 1247 4057 teneras
1267 3991 1347 4056 flatu
1369 3993 1528 4058 convolvit
1549 3993 1704 4073 harenas,

880 4154 885 4161 ,
919 4092 990 4157 eum
1012 4092 1154 4159 tumidus
1176 4094 1313 4177 Boreas,
1340 4094 1491 4177 Seythiea
1512 4096 1576 4160 ianr
1600 4097 1681 4161 liber
1702 4096 1744 4161 ab
1766 4096 1859 4176 aula,

919 4197 1054 4280 perfurit
1074 4197 1107 4261 in
1130 4215 1276 4281 campos,
1302 4198 1395 4262 turbo
1417 4198 1505 4263 volat
1526 4198 1673 4264 horridus
1695 4205 1770 4264 ante

919 4306 1079 4365 contortus
1101 4300 1217 4365 virtute
1239 4300 1333 4383 Noti,
1359 4321 1502 4383 gyroque
1525 4308 1654 4367 coaetus

918 4404 1014 4469 vertit
1034 4402 1208 4468 harenosas
1231 4404 1423 4468 conturbans
1445 4424 1585 4486 aequora
1606 4411 1718 4469 terras.

1003 4505 1131 4589 iamque
1154 4512 1282 4570 secutus
1304 4511 1374 4570 erat
1394 4506 1487 4570 miles
1509 4505 1647 4588 fugitiva
1667 4527 1726 4591 per
1746 4527 1841 4591 agros

918 4608 1049 4690 agmina
1071 4608 1172 4672 Marte
1194 4608 1321 4689 furens,
1349 4608 1593 4691 bellatricesque
1616 4616 1763 4675 catervas

919 4710 1092 4794 spargebat
1114 4710 1224 4794 tepido
1245 4710 1384 4775 fundens
1405 4732 1464 4794 per
1484 4712 1631 4793 gramina
1653 4711 1747 4776 ferro.

919 4812 1056 4895 despicit
1078 4812 1148 4896 ipse
1171 4819 1279 4877 tamen
1302 4812 1557 4896 dedignaturque
1579 4815 1726 4879 tribunus

917 4922 1061 4980 sternere
1083 4914 1182 4980 eaede
1204 4914 1308 4996 viros,
1333 4916 1422 4980 vivos
1445 4915 1503 4981 sed
1525 4916 1681 5000 prendere
1704 4923 1830 4983 oertans

917 5018 1020 5082 veloei
1043 5018 1200 5083 volitabat
1222 5038 1320 5100 equo,
1347 5018 1510 5102 pilumque
1533 5025 1718 5102 retorquens

918 5119 1055 5203 grandia
1076 5121 1237 5204 percussis
1260 5120 1401 5185 iactabat
1422 5140 1554 5205 corpora
1576 5121 1739 5187 membris.

599 5297 650 5347 416
668 5301 795 5347 earthasan
817 5298 838 5343 Τ
941 5293 989 5343 417
1011 5294 1137 5341 Varianus
1154 5296 1254 5356 scripsi,
1290 5295 1408 5342 aridolus
1428 5294 1458 5344 Τ.
1492 5297 1575 5354 primu
1592 5297 1700 5343 marinis
1718 5298 1800 5344 littera
1820 5297 1886 5344 tm.
1908 5299 1943 5345 tta
1960 5301 2091 5346 immutato
2108 5303 2152 5354 est,

529 5387 670 5432 stauretur
688 5384 748 5445 quid
765 5385 846 5443 tepea,
875 5382 997 5429 'lariacus
1017 5378 1111 5441 Maza„
1137 5379 1179 5427 red
1196 5380 1231 5441 ef,
1253 5382 1312 5428 463.
1333 5382 1391 5428 470.
1419 5381 1435 5425 Ι
1440 5380 1459 5426 V
1474 5382 1610 5428 seo-969
1748 5379 2026 5442 attenuationem,
2051 5383 2155 5431 blrtiT

530 5468 581 5517 4⁸20
599 5470 701 5529 generis
719 5474 802 5516 umen
823 5468 853 5527 T,
879 5481 955 5527 gener
973 5468 1010 5515 is:
1032 5471 1115 5514 tamen
1135 5466 1280 5525 Mammea,
1306 5469 1385 5513 acreio
1402 5479 1437 5513 on
1454 5466 1512 5526 qaid
1530 5466 1677 5515 interciderit
1815 5466 1866 5516 430
1884 5469 1994 5516 terribile
2012 5471 2099 5516 lusson
2116 5470 2156 5517 oet

530 5555 644 5602 terribile
656 5568 741 5602 masau
756 5554 777 5600 l·
880 5552 928 5607 431
949 5552 1083 5613 petrum?
1185 5550 1235 5600 432
1254 5552 1391 5600 intersisT
1496 5551 1546 5600 434
1565 5553 1668 5600 uerticis
1682 5552 1772 5613 Moza,
1792 5554 1931 5601 uirtutis?
2034 5555 2109 5602 uenis
2123 5554 2153 5616 T,

529 5641 614 5689 ueruto
633 5638 713 5688 Maza.
853 5636 903 5687 435
929 5639 1059 5686 sthelenus
1078 5639 1168 5685 nlttsan
1189 5637 1225 5697 T,
1250 5638 1350 5685 Altisan
1370 5636 1513 5699 Stephanus
1533 5636 1609 5685 Meu.
1751 5637 1799 5687 437
1826 5640 1958 5700 Gregorius
1977 5640 2057 5686 inlicit
2075 5637 2153 5686 Mass.

529 5724 579 5773 440
597 5727 678 5787 pubes
696 5724 782 5783 sert,
803 5726 878 5786 pules
899 5724 927 5783 T,
948 5724 1021 5770 miles
1040 5723 1117 5771 Muza.
1235 5724 1355 5784 uelorqne
1376 5723 1397 5769 Τ
1517 5722 1568 5772 446
1587 5723 1725 5771 diruetoT
1846 5724 1895 5774 447
1915 5725 2045 5774 conuolult
2064 5722 2152 5777 Maza..

527 5824 584 5858 oum
602 5810 724 5860 uoluitT
828 5809 878 5861 449
896 5810 1047 5873 periurisT
1151 5807 1198 5859 451
1220 5810 1298 5856 uertis
1319 5810 1340 5859 Τ
1443 5824 1548 5873 aequora
1567 5808 1657 5869 Maza,
1678 5812 1783 5874 oquoT
