5042 6726
1055 600 1284 657 recondivit.
1907 596 1990 665 XXI

356 832 424 891 tum
448 846 560 910 unam,
593 846 677 910 quae
699 827 769 893 sola
790 845 904 892 manus
927 845 999 892 cum
1021 824 1166 891 hostibus
1189 831 1409 906 conseruerat,
1443 823 1478 889 in
1499 824 1669 890 castellum
1691 821 1853 907 quoddam
1874 842 1988 909 perum

359 944 485 1011 firmum
516 944 717 1029 confugisse,
751 945 810 1012 scd
839 946 949 1031 paullo
972 951 1139 1030 postcom
1161 943 1276 1010 ceteris
1298 942 1446 1009 omnibus
1467 943 1604 1009 Himerii
1626 942 1783 1009 militibus
1806 942 1931 1009 Stetiae
1953 962 1989 1010 se

361 1064 528 1131 dedidisse
557 1073 590 1132 et
617 1065 790 1150 Procopius
820 1073 853 1131 et
879 1064 1037 1150 Corippus
1066 1063 1270 1147 referuntur).
1317 1062 1477 1129 Victoriae
1507 1063 1604 1129 huius
1633 1063 1820 1129 incruentae
1849 1062 1987 1129 fructum

359 1184 533 1250 maximum
556 1184 661 1251 Mauri
678 1184 879 1250 Hadrumeto
908 1189 1062 1269 occupato
1090 1203 1279 1269 percepere,
1306 1184 1396 1249 cuius
1426 1190 1535 1268 portas
1556 1182 1720 1249 Himerius
1742 1183 1812 1268 ipse
1834 1182 1985 1267 hostium,

358 1323 492 1386 quorum
523 1304 557 1369 in
579 1304 729 1370 manibus
757 1310 844 1386 erat,
876 1303 972 1368 minis
994 1303 1124 1370 territus
1140 1323 1204 1387 ,per
1225 1302 1439 1388 proditionem
1461 1302 1676 1386 reseravitlll.
1724 1301 1878 1381 Quamvis
1900 1301 1989 1368 hand

357 1422 405 1487 ita
426 1423 526 1488 multo
548 1429 622 1507 post
644 1430 677 1489 et
698 1423 932 1489 Hadrumetum
953 1423 1091 1489 Romani
1112 1430 1339 1508 recuperarent
1359 1430 1392 1488 et
1412 1422 1550 1487 militum
1572 1430 1747 1508 captorum,
1774 1422 1829 1504 qui
1851 1422 1988 1489 Stutiam

358 1542 584 1626 sequebantur,
617 1562 693 1627 pars
716 1563 836 1627 magua
857 1542 899 1608 ad
920 1542 1123 1627 imperatoris
1146 1543 1321 1608 exercitum
1342 1549 1564 1625 reverteretur,
1593 1549 1701 1607 minen
1723 1542 1820 1608 rebus
1842 1542 1989 1609 adversis

357 1660 450 1726 fracti
472 1662 609 1727 Romani
629 1664 664 1728 iu
687 1682 817 1748 campos
838 1669 967 1747 apertos
988 1661 1162 1747 procedere
1184 1681 1249 1728 non
1270 1661 1443 1743 audebant,
1470 1661 1529 1728 sed
1551 1661 1679 1746 oppidis
1701 1661 1832 1728 munitis
1855 1680 1891 1728 se
1913 1682 1989 1728 con-

357 1780 512 1848 tinebant.
559 1783 673 1866 Neque
696 1783 781 1848 enim
796 1782 941 1866 Sergius,
966 1801 1062 1865 quem
1078 1780 1249 1846 Solomone
1271 1787 1395 1846 mortuo
1410 1780 1608 1845 iustinianus
1623 1780 1753 1848 Africae
1774 1781 1985 1868 praefecerat,

358 1899 514 1966 militibus
542 1922 646 1986 neque
675 1902 796 1969 milites
825 1901 938 1985 Sergio
967 1899 1181 1966 confidebant.
1228 1900 1345 1965 Mauri.
1360 1906 1486 1983 autem,
1520 1899 1636 1982 quibus
1665 1920 1759 1966 nemo
1789 1901 1985 1985 occurrebat,

358 2038 469 2086 omnes
497 2042 556 2107 per
578 2022 760 2106 provincias
782 2021 952 2086 Africanas
973 2020 1185 2102 vagabantur.
1233 2019 1379 2085 Tandem
1400 2018 1531 2085 Africae
1552 2019 1712 2086 laboranti
1733 2021 1989 2087 subveniendum

358 2157 430 2206 csse
459 2140 620 2207 intellexit
641 2141 848 2207 Iustiniauus.
896 2142 939 2205 At
959 2159 1024 2204 nou
1052 2139 1244 2220 exercitum,
1278 2139 1336 2204 sed
1359 2139 1547 2222 magistrum
1570 2139 1707 2205 militum
1729 2140 1866 2206 alterum
1889 2140 1986 2221 misit,

356 2257 585 2353 th,
622 2279 732 2327 senem
765 2280 871 2326 rerum
900 2259 1086 2324 militarium
1115 2279 1230 2344 parum
1259 2258 1397 2344 peritum
1406 2260 1459 2341 ⁹⁷).
1505 2258 1575 2324 Iam
1605 2258 1723 2344 copiis,
1760 2259 1876 2342 quibus
1907 2270 1990 2325 unus

358 2378 493 2462 Sergius
515 2379 727 2464 praefuerat,
743 2379 857 2446 divisis
879 2379 993 2463 Sergio
1014 2378 1170 2444 Numidia
1191 2377 1367 2463 provincia,
1393 2377 1570 2444 Ariobindo
1593 2380 1764 2463 Byzacena
1786 2377 1991 2446 defendenda

358 2498 499 2564 obvenit.
546 2499 593 2563 Ac
621 2498 754 2583 Sergius
784 2498 915 2582 quidem
945 2498 1053 2563 statim
1081 2497 1115 2563 in
1144 2497 1331 2563 Numidiam
1360 2498 1511 2583 perrexit.
1557 2497 1753 2564 Ariohiudus
1782 2505 1889 2564 autem
1920 2520 1992 2565 cum

357 2617 508 2683 Anteiam
538 2626 571 2685 et
592 2618 730 2684 Stetiam
758 2637 857 2703 prope
879 2617 1005 2682 Siccam
1027 2618 1199 2684 Veneriam
1234 2620 1328 2703 (nuuc
1349 2618 1380 2685 el
1404 2618 1481 2701 Kei)
1495 2622 1552 2701 ⁰⁸),
1585 2626 1691 2684 castra
1721 2619 1870 2703 posuisse
1898 2619 1992 2685 audi-

356 2736 473 2821 visset,
505 2737 587 2802 nihil
615 2744 757 2803 moratus
778 2737 955 2803 Iohannem
978 2737 1143 2804 Sisinnioli
1172 2737 1276 2803 filium
1306 2758 1379 2804 cunr
1409 2738 1536 2804 delecta
1565 2737 1702 2803 mihtum
1731 2758 1827 2803 mano
1858 2759 1896 2804 eo
1918 2759 1993 2824 pro

357 2855 450 2939 gredi
471 2857 583 2941 iussit,
616 2878 636 2923 a
659 2857 791 2941 Sergio,
823 2865 858 2924 ut
880 2857 989 2942 copias
1016 2857 1253 2937 oumiohanne
1274 2857 1424 2941 iungeret
1444 2863 1478 2924 et
1499 2877 1564 2923 una
1586 2876 1719 2954 comeo
1741 2856 1852 2923 hostes
1874 2878 1992 2942 aggre-

358 2974 504 3057 deretur,
537 2976 653 3042 litteris
680 2977 805 3061 petivit.
860 2977 949 3057 Quas
978 2996 1050 3043 cum
1078 2976 1212 3061 Sergius
1241 2995 1371 3063 prorsus
1401 2977 1616 3060 neglexisset,
1648 2974 1802 3042 lobannis
1832 2978 1993 3044 exercitus

356 3114 477 3181 parvus
500 3096 587 3163 solus
616 3116 688 3162 curu
717 3096 863 3162 hostibus
892 3070 1024 3162 numero
1054 3096 1152 3179 louge
1182 3096 1401 3181 superioribus
1430 3094 1584 3162 conflixit.
1630 3096 1777 3182 Procopii
1799 3097 1828 3163 si
1850 3097 1992 3164 historiis

357 3215 436 3280 solis
458 3222 636 3297 uteremur,
670 3236 769 3301 prope
792 3216 918 3282 Siccam
947 3236 1089 3301 pugnam
1118 3215 1320 3281 commissam
1350 3236 1423 3283 esse
1451 3216 1534 3282 scire
1564 3215 1643 3281 satis
1673 3216 1876 3283 haberemus.
1925 3191 1992 3283 Sed

357 3335 423 3400 alio
444 3354 463 3400 e
485 3334 572 3401 fonte
593 3337 703 3421 paullo
724 3336 906 3402 accuratius
928 3355 1057 3421 pugnae
1080 3336 1184 3401 locum
1207 3334 1465 3420 designabimus,
1495 3335 1633 3402 Victoris
1655 3336 1885 3403 Tuuunnensis
1906 3338 1988 3422 loco,

357 3474 421 3536 quo
442 3454 589 3540 oppiduli
611 3456 654 3544 ad
676 3454 762 3538 quod
784 3456 945 3523 exercitus
968 3456 1133 3539 congressi
1156 3462 1247 3539 sunt,
1272 3475 1389 3522 nomen
1410 3453 1585 3522 memoriae
1607 3454 1761 3523 traditum
1782 3459 1898 3540 estut:

446 3594 537 3675 ‘post
562 3593 764 3659 consulatum
786 3592 902 3659 Basilii
923 3613 953 3658 v.
980 3613 1009 3658 c.
1034 3612 1118 3658 auno
1140 3592 1167 3657 V
1196 3594 1278 3676 (545)
1306 3592 1406 3658 Stura
1433 3599 1591 3676 tyrannus
1619 3592 1707 3677 apud
1729 3591 1872 3659 Africam
1894 3602 1989 3679 portu

356 3711 484 3778 Taceae
507 3713 734 3796 congressione
757 3713 844 3779 facta
865 3712 996 3778 Ioannis
1010 3713 1175 3778 Romanae
1197 3712 1333 3778 militiae
1356 3712 1448 3778 ducis
1469 3712 1575 3778 iaculo
1597 3731 1770 3797 percussus
1790 3721 1840 3779 est
1853 3714 1989 3799 parique

355 3830 425 3898 vice
455 3838 487 3896 et
508 3831 646 3897 Ioannes
668 3832 801 3915 Stnzae,
833 3832 888 3916 qui
916 3831 1085 3899 confestim
1113 3833 1267 3898 alterutro
1289 3832 1415 3916 utrique
1437 3832 1549 3916 gladio
1571 3830 1755 3898 ceciderunt
1776 3839 1809 3899 et
1832 3833 1990 3900 dominico

356 3949 422 4033 die,
449 3971 512 4034 quo
534 3970 645 4036 pogna
666 3951 754 4018 facta
775 3959 836 4036 est,
866 3952 1042 4018 moriuntur
1052 3954 1070 4017 '.

443 4087 506 4152 Vbi
528 4089 638 4153 Tacea
659 4088 722 4153 sita
744 4088 851 4173 fuerit,
878 4088 1020 4155 dubitari
1040 4090 1162 4172 nequit.
1208 4089 1247 4154 ln
1268 4089 1396 4155 Tabula
1418 4088 1504 4155 euim
1520 4088 1758 4172 Peutiugerana
1772 4089 1897 4155 Thacia
1919 4111 1988 4157 me-

354 4202 508 4290 moratur,
533 4208 620 4291 quod
642 4207 795 4294 oppidum
818 4208 852 4273 in
873 4209 928 4274 via
943 4207 1205 4291 Carthaginiensi
1227 4209 1325 4274 situm
1347 4214 1380 4274 et
1394 4228 1436 4272 m.
1462 4229 1495 4293 p.
1513 4207 1624 4273 XXVI
1645 4228 1667 4273 a
1681 4208 1776 4275 Sicca
1799 4209 1923 4276 distans
1935 4211 1983 4294 ιθ1))

357 4325 495 4394 eundem
521 4325 589 4393 fere
616 4327 722 4393 locum
751 4328 873 4411 tenuit,
904 4348 1001 4411 quem
1030 4347 1114 4394 nunc
1143 4327 1232 4395 vicus
1254 4328 1351 4414 Bordj
1376 4327 1596 4413 Massudi101).
1643 4328 1793 4395 Ceterum
1815 4348 1880 4395 uon
1902 4328 1990 4415 apud

443 4651 485 4714 95)
506 4654 560 4703 loh.
580 4655 617 4702 IV
636 4653 667 4703 il
687 4655 763 4703 ardua
781 4662 860 4704 cestu
877 4657 943 4717 gerit
961 4657 1055 4719 campis
1074 4655 1153 4704 Cebar
1170 4655 1256 4703 addita
1274 4653 1376 4717 apertis.

358 4737 412 4786 Hoc
429 4752 505 4788 uersu
523 4753 616 4789 nomeu
634 4741 733 4789 castelli
751 4741 915 4803 scriptoribus
933 4742 1024 4789 ceteris
1042 4741 1156 4802 ignotum
1175 4740 1298 4802 Corippus
1317 4739 1452 4788 memoriae
1469 4737 1604 4789 tradidisse
1622 4740 1731 4790 videtur.

443 4840 485 4905 99)
504 4842 574 4892 Proc.
595 4844 621 4893 b.
641 4843 724 4893 Vaud.
744 4842 830 4894 1123.
867 4842 923 4893 (ior.
943 4843 997 4894 Ioir.
1017 4843 1055 4891 IV
1072 4840 1116 4893 94.

443 4942 485 5005 97)
506 4944 576 4995 Proc.
596 4948 622 4996 b.
642 4945 726 4995 Vand.
746 4945 833 4996 1121.
872 4945 927 4995 Gor.
948 4945 1001 4994 Ioh.
1021 4946 1057 4994 lv
1075 4942 1187 4994 82-86.

444 5044 486 5108 98)
507 5047 603 5096 Guerin
622 5049 684 5107 Voy.
705 5049 772 5099 arch.
792 5049 854 5098 dans
872 5049 896 5097 ia
913 5048 1017 5109 regense
1035 5050 1067 5097 dc
1085 5048 1166 5096 Turris
1183 5048 1209 5095 ll
1226 5060 1252 5109 p.
1274 5043 1386 5095 oe-tr.

444 5148 485 5213 99)
507 5150 575 5201 vict.
597 5150 663 5200 Tun.
685 5150 797 5200 Roncaili
814 5150 840 5198 11
858 5165 885 5214 p.
905 5148 965 5200 371.
988 5166 996 5179 ·

445 5250 504 5315 190)
524 5252 589 5302 Cum
606 5255 663 5303 riae
680 5256 809 5316 autiquae,
828 5267 878 5316 qua
890 5252 982 5302 iiustis
994 5259 1094 5302 veteres
1107 5251 1202 5302 Siccam
1220 5251 1346 5311 meabant,
1367 5250 1473 5310 vestigia
1490 5255 1579 5298 extent
1599 5250 1700 5312 (Grenv.
1716 5251 1819 5313 Temple
1831 5250 1986 5299 Excursions

358 5337 386 5385 in
404 5337 448 5386 the
466 5338 671 5389 Mediterraneum
687 5339 713 5388 ll
731 5352 756 5402 p.
777 5338 837 5389 282.
869 5339 944 5387 Barth
962 5339 1158 5398 Wanderungeu
1175 5337 1212 5385 im
1227 5350 1290 5400 pun.
1311 5336 1364 5384 und
1382 5337 1470 5395 syren.
1491 5336 1651 5384 liiisteuiand
1669 5350 1695 5398 p.
1716 5334 1776 5385 221.
1813 5336 1875 5385 Rev.
1896 5335 1953 5384 Atr.
1973 5335 1986 5383 1

357 5437 383 5485 p.
404 5421 476 5485 971),
495 5425 527 5473 de
545 5426 601 5474 viae
618 5424 697 5473 huius
714 5425 873 5485 longitudine
891 5432 988 5474 eertrnn
1005 5424 1131 5473 iudicium
1148 5423 1258 5485 prolerre
1274 5423 1342 5471 licet
1380 5422 1458 5471 Recte
1474 5422 1603 5470 itinerarii
1615 5423 1740 5471 Antonini
1754 5436 1780 5483 p.
1795 5422 1838 5482 ts,
1854 5419 1869 5470 2
1887 5421 1986 5470 xxm

357 5523 391 5557 m.
411 5524 437 5572 p.
457 5511 525 5559 iuter
543 5510 638 5560 Siccam
661 5517 687 5559 et
703 5510 801 5560 Mnatos
824 5511 972 5560 interfuisse
995 5512 1120 5559 seruntur.
1157 5510 1188 5557 In
1206 5509 1268 5558 Tab.
1288 5509 1362 5556 Peut.
1383 5508 1419 5555 1v
1438 5508 1475 5568 ll,
1499 5508 1543 5555 ubi
1568 5508 1627 5555 olim
1652 5514 1719 5561 certe
1742 5507 1803 5555 haec
1819 5508 1982 5569 legebanturt

356 5592 436 5644 Nosti
447 5621 482 5630 -
494 5595 544 5643 vll
556 5620 591 5631 -
602 5595 696 5645 Thacia
708 5621 742 5632 -
756 5596 805 5644 Vll
817 5622 853 5632 -
863 5596 1056 5644 Drusiliana-
1067 5594 1118 5642 vll
1128 5618 1164 5631 -·
1176 5593 1281 5653 Siguese
1292 5619 1327 5629 -
1339 5593 1388 5641 llll
1400 5620 1435 5630 -
1447 5592 1518 5642 Sicos
1533 5592 1642 5641 Veneria
1652 5620 1688 5629 -
1699 5591 1775 5641 XXX
1786 5618 1822 5629 -
1834 5592 1981 5652 Naraggara,

354 5679 450 5729 librarii
468 5693 549 5730 errore
567 5684 703 5732 manifesto
721 5682 819 5730 numeri
836 5681 888 5729 illl
905 5687 931 5730 et
947 5680 1025 5729 XXX
1047 5682 1115 5729 inter
1139 5693 1167 5729 ae
1185 5680 1330 5728 commutati
1351 5685 1420 5728 sunt.
1458 5681 1478 5728 l.
1499 5678 1602 5727 Partsch
1620 5679 1719 5727 Africum
1736 5678 1838 5726 Veteris
1855 5677 1985 5725 itineraria

354 5761 515 5829 explicantur
533 5772 560 5816 et
576 5769 751 5818 emendantur.
789 5766 957 5816 Vratislaulce
976 5764 1043 5815 1874
1059 5780 1084 5829 p.
1106 5763 1148 5815 99.

443 5869 501 5934 101)
521 5872 616 5919 (lucrio
634 5870 734 5932 voyage
751 5870 819 5919 arch.
838 5869 900 5918 dans
918 5871 942 5917 la
959 5871 1063 5930 regence
1082 5868 1113 5917 de
1131 5868 1209 5916 Turris
1228 5868 1252 5915 ll
1270 5881 1296 5930 p.
1317 5864 1359 5915 97.
