5030 6734
884 581 1275 638 IOHANNIDOSLIB.1V.
1297 583 1331 636 V.
1353 585 1424 648 riv).

733 779 845 857 sponte
867 771 948 857 petit
969 780 1111 838 mortem.
1161 772 1284 857 eampis
1307 792 1366 838 sua
1388 773 1482 855 sigua
1504 774 1635 853 locavit,

733 882 765 942 et
787 875 884 941 sociis
906 875 954 941 sie
975 876 1076 942 fretus
1098 875 1156 941 ait.
1208 879 1428 942 ‘contemnere
1450 878 1548 943 vitam

624 1024 629 1037 .
733 999 790 1063 pro
812 979 916 1064 patria
938 981 1018 1045 haec
1040 986 1089 1045 est
1110 980 1177 1045 vita
1200 979 1315 1063 magis.
1362 1000 1448 1045 mors
1470 982 1544 1064 lege
1566 980 1704 1046 tonantis

734 1083 871 1147 humano
894 1083 961 1148 lata
983 1089 1033 1148 est
1054 1083 1181 1165 generi,
1212 1103 1272 1148 nec
1293 1083 1446 1168 praeterit
1468 1084 1579 1148 ullum.

734 1206 808 1251 narn
830 1186 940 1252 veniet
961 1206 1150 1268 quocunque
1172 1183 1276 1251 modo.
1325 1186 1383 1251 sed
1404 1186 1514 1251 mortis
1537 1188 1690 1252 honestae

733 1308 876 1355 summus
899 1290 999 1355 honos
1022 1308 1227 1373 summusque
1249 1289 1340 1355 favor
1361 1288 1530 1374 dulcisque
1552 1290 1667 1375 cupido
1689 1296 1749 1356 est.

733 1392 836 1457 hostis
858 1392 968 1474 adest,
995 1392 1084 1458 socii.
1131 1392 1278 1476 quotiens
1300 1392 1462 1477 fugiemus
1487 1393 1624 1458 amioum

734 1495 845 1561 Martis
867 1515 947 1581 opus
955 1502 969 1561 'l
1011 1496 1157 1580 quotiens
1180 1496 1333 1580 fugitivos
1356 1496 1459 1563 rideat
1483 1498 1583 1564 hostis

733 1599 945 1682 imbellesque
966 1606 1078 1685 putet?
1121 1620 1204 1666 nuuc
1226 1607 1276 1666 est
1296 1607 1454 1685 temptare
1476 1601 1570 1684 quid,
1596 1601 1695 1667 instat

733 1723 818 1769 nuuc
839 1702 965 1769 vimutis
988 1722 1078 1788 opus.
1125 1723 1252 1789 semper
1273 1703 1351 1768 mihi
1373 1704 1502 1787 cognita
1524 1704 1625 1770 virtus

734 1812 857 1887 vestra,
883 1806 961 1889 viri,
988 1825 1176 1891 semperque
1198 1806 1289 1872 fides.
1337 1806 1537 1891 consurgite,
1566 1807 1657 1873 cives

734 1909 884 1993 Romani,
910 1930 966 1995 pro
988 1909 1084 1976 laude
1107 1909 1171 1995 pii,
1197 1917 1373 1993 gentesque
1396 1912 1551 1995 superbas

626 2036 639 2074 s
734 2013 884 2098 frangite.
930 2013 995 2078 iam
1017 2020 1140 2079 tautum
1162 2012 1297 2079 ducibus
1319 2021 1478 2079 removete
1501 2013 1666 2098 pudorem.

735 2118 787 2183 lae
808 2136 867 2183 nos
890 2117 975 2182 vello
998 2118 1118 2200 fugam.
1166 2116 1318 2201 fugitivos
1341 2118 1474 2184 conterit
1494 2118 1596 2184 hostis

734 2221 875 2287 leminea
895 2240 979 2286 nunc
1001 2227 1099 2286 morto
1121 2221 1216 2286 viros.
1264 2221 1439 2287 convertite
1462 2229 1600 2305 mentes,

735 2330 767 2390 et
788 2324 898 2408 procul
919 2345 940 2388 a
961 2324 1077 2389 nostris
1099 2323 1244 2390 discedat
1265 2324 1405 2390 dedecus
1427 2324 1557 2390 umbris.

735 2449 753 2493 o
776 2428 896 2493 utinam
919 2426 1007 2492 ferus
1027 2427 1083 2493 ille
1105 2428 1186 2492 meis
1208 2434 1388 2494 cocurreret
1408 2428 1505 2493 armis

735 2551 819 2596 nunc
842 2531 981 2613 Statias,
1007 2531 1175 2615 ipsumque
1197 2531 1277 2596 mihi
1299 2531 1425 2596 fortuna
1447 2531 1602 2597 dedisset!

735 2641 792 2700 aut
813 2634 907 2699 simul
930 2634 1054 2699 alterno
1076 2634 1256 2719 patuissent
1276 2641 1405 2719 pectora
1426 2634 1527 2716 ferro,

734 2744 768 2833 pt
788 2743 916 2821 raperet
936 2736 1002 2802 fors
1024 2757 1124 2803 saeva
1146 2737 1243 2818 duos,
1270 2744 1325 2802 aut
1346 2757 1461 2823 eorpus
1482 2739 1605 2803 arundo

736 2842 868 2906 vulnere
890 2840 980 2906 letali
1001 2840 1127 2906 fixisset
1148 2860 1247 2906 saeva
1268 2840 1406 2925 tyranni.

736 2945 788 3011 vel
811 2964 935 3010 meeum
957 2943 1092 3028 pariter,
1120 2943 1148 3009 si
1170 2944 1217 3009 sie
1237 2964 1311 3010 mea
1332 2944 1400 3010 lata
1421 2944 1597 3027 minantur,

737 3048 868 3114 crimine
891 3047 995 3113 civilis
1016 3054 1126 3114 careat
1146 3068 1199 3114 res
1220 3047 1350 3133 publiea
1370 3048 1478 3113 belli’.

823 3149 899 3215 dum
921 3157 1029 3216 monet
1049 3150 1106 3215 ille
1128 3150 1233 3232 viros,
1258 3150 1396 3216 inimicis
1417 3151 1563 3236 improba
1585 3152 1686 3236 signis

737 3274 810 3320 ecee
833 3254 921 3320 acies
942 3253 1088 3337 Massyla
1108 3254 1189 3335 ruit,
1215 3253 1357 3338 ripisque
1378 3254 1548 3339 propinqui

736 3358 877 3424 fluminis
898 3364 967 3424 arte
990 3356 1056 3423 dcli
1078 3357 1172 3441 longo
1195 3357 1284 3423 stetit
1305 3356 1415 3424 ordine
1438 3364 1574 3443 compta.

737 3469 812 3528 tnnc
833 3460 970 3546 primum
993 3460 1139 3527 volucres
1161 3481 1301 3545 pugnam
1326 3481 1453 3528 movere
1476 3462 1624 3546 sagittae.

738 3565 837 3651 impia
858 3571 998 3650 penuato
1019 3563 1160 3647 figuntur
1181 3584 1314 3649 corpora
1336 3564 1430 3630 ferro.

737 3676 827 3735 trans
848 3667 980 3734 fluvium
1002 3666 1121 3733 cedens
1144 3667 1232 3733 acies
1253 3666 1384 3733 inimica
1405 3674 1576 3733 retrorsum

738 3772 827 3841 flexit
849 3790 959 3854 equos.
1007 3770 1163 3854 sequitur,
1189 3770 1299 3835 densis
1321 3778 1354 3836 et
1374 3770 1506 3836 flumina
1527 3770 1601 3837 telis

738 3875 914 3962 perrumpit
936 3874 1065 3940 levitate
1088 3892 1156 3938 sua.
1203 3894 1268 3938 non
1290 3873 1347 3939 ille
1369 3873 1522 3959 periclum

739 3999 802 4044 non
824 3984 956 4044 mortem
979 3983 1125 4043 metuens
1146 3976 1208 4042 iter
1229 3976 1431 4042 irremeabile
1453 3977 1584 4061 transit,

630 4132 634 4143 .
738 4080 924 4165 invaditque
946 4079 1049 4163 viros,
1075 4080 1176 4146 veluti
1199 4086 1341 4146 vastator
1362 4080 1497 4146 acerbus

739 4184 894 4269 diripiens
916 4190 1060 4249 armenta
1081 4183 1132 4248 leo
1153 4190 1325 4265 taurosque
1347 4183 1471 4250 feroces

739 4289 824 4353 hune
845 4287 955 4371 fugat,
981 4287 1065 4352 hunc
1087 4293 1214 4352 mactat.
1263 4287 1360 4352 currit
1381 4286 1546 4371 dispersus
1568 4287 1686 4370 ubique

740 4412 818 4475 grex
841 4391 990 4476 pavitans
1012 4396 1184 4475 pastorque
1206 4390 1317 4473 fugax.
1364 4389 1442 4455 furit
1462 4390 1519 4455 ille
1541 4391 1681 4457 eruentis

740 4495 890 4563 dentibus
912 4500 945 4560 et
966 4494 1048 4559 latos
1071 4493 1191 4576 frangit
1212 4492 1398 4575 manditque
1420 4513 1478 4577 per
1500 4512 1604 4577 agros.

614 4649 619 4660 .
740 4597 901 4681 Massylas
922 4596 1010 4662 acics
1034 4597 1081 4662 sie
1103 4596 1168 4661 dux
1190 4596 1306 4662 virtute
1329 4596 1488 4661 Iohannes

739 4701 890 4767 turbabat
911 4700 1025 4765 mediis
1047 4706 1253 4784 prosternens
1275 4699 1389 4764 funera
1411 4699 1542 4784 campis.

740 4806 825 4870 hunc
846 4804 971 4870 imitata
992 4803 1104 4869 cohors
1125 4802 1245 4886 gladiis
1267 4802 1406 4887 fugitiva
1427 4811 1601 4887 pemrguet

739 4908 870 4993 agmina
891 4907 1117 4973 nansfodiens.
1164 4907 1251 4972 volat
1272 4907 1387 4991 igneus
1408 4926 1546 4989 aequore
1568 4913 1633 4973 toto

740 5033 813 5079 cum
835 5011 931 5077 sociis
953 5010 1019 5076 dux
1041 5011 1110 5096 ipse
1133 5010 1244 5075 furens
1266 5010 1458 5093 Maurosque
1480 5009 1614 5093 fugaces

741 5115 943 5202 persequitur
964 5134 1022 5180 ceu
1046 5114 1145 5179 vietor
1167 5131 1278 5178 ovans.
1323 5112 1388 5178 iam
1412 5113 1568 5196 sanguine
1591 5114 1690 5179 multo

740 5240 831 5287 arma
851 5219 966 5287 calent.
1014 5218 1143 5284 rubrum
1166 5223 1273 5301 gestat
1293 5217 1358 5282 iam
1382 5216 1515 5282 deutera
1535 5215 1654 5282 fenum

740 5345 871 5411 pugnax
894 5322 1006 5388 militis
1028 5328 1125 5404 atque
1148 5320 1251 5387 ducis.
1298 5340 1355 5405 pro
1378 5320 1473 5385 sortis
1496 5318 1625 5401 iniquae

740 5428 832 5493 triste
854 5427 961 5493 nefas!
989 5446 1008 5491 o
1030 5425 1152 5510 grande
1175 5425 1311 5490 malum!
1338 5424 1403 5490 iam
1426 5429 1568 5488 cesserat
1589 5423 1689 5489 hostis

741 5532 861 5613 motus,
888 5538 920 5597 et
942 5529 1097 5596 adversas
1121 5528 1243 5614 passim
1265 5547 1323 5613 per
1343 5532 1437 5612 prata
1458 5534 1604 5593 eaterms

428 5741 474 5790 111
495 5742 612 5791 sotlosT
729 5741 925 5791 transmisi*
1039 5738 1084 5789 121
1104 5737 1227 5787 lnstarl'
1342 5733 1390 5785 118
1408 5736 1552 5785 dedleusT
1669 5735 1714 5785 131
1735 5738 1809 5784 simul
1828 5737 1915 5799 seru,
1936 5752 1977 5784 se-

357 5829 409 5877 mul
431 5829 459 5890 T,
480 5829 557 5878 semel
576 5829 652 5877 Muza.
773 5828 821 5878 1³6
838 5835 923 5877 mouet
940 5828 978 5874 acl
996 5831 1081 5875 monet
1103 5825 1130 5885 T,
1151 5829 1235 5872 mouet
1251 5825 1309 5883 leplt
1327 5821 1405 5872 Meas.
1521 5821 1569 5870 131
1589 5824 1700 5872 mesnilla
1722 5823 1742 5869 T

357 5915 452 5977 rumpit
469 5914 555 5977 ΒΜ,
575 5916 714 5977 prorumpit
736 5916 756 5961 Τ
860 5914 907 5963 151
926 5915 996 5961 lmlts
1017 5914 1038 5960 T
1140 5910 1332 5971 giseltruda,
1352 5910 1450 5969 gelidus
1470 5909 1499 5968 T,
1520 5910 1609 5968 ingens
1628 5907 1706 5958 Musa.

435 6014 554 6056 cimmo.

1756 6012 1772 6059 ti

1854 5821 1902 5870 143
1920 5836 1978 5885 pcr-
