5034 6730
897 576 937 631 IN
956 572 1113 632 LAVDEM
1131 575 1272 632 rvs'rlul
1290 577 1361 632 LIB.
1382 575 1431 631 IV.

742 788 799 833 vos
822 768 921 833 armis
943 768 1082 834 adversa
1104 768 1195 832 meis.
1243 767 1289 850 si,
1315 766 1467 847 barbare,
1493 766 1617 847 neseis,

742 869 820 953 quid
841 870 943 937 virtus
966 871 1110 936 Romana
1132 875 1254 955 potest,
1280 868 1413 952 antiqua
1434 869 1578 953 require,

741 994 824 1057 quae
846 974 975 1059 proavi,
1001 979 1109 1058 patres
1132 979 1165 1038 et
1185 973 1238 1038 avi
1261 978 1393 1058 potuere
1415 972 1533 1038 Latini.

741 1075 818 1161 quid
840 1085 947 1144 noster
970 1076 1076 1142 senior
1097 1075 1201 1161 potuit
1220 1079 1330 1161 puter,
1355 1075 1475 1159 inscie,
1501 1076 1609 1158 disee,

688 1270 690 1275 Ι
742 1181 802 1246 sub
824 1201 887 1264 quo
910 1179 1080 1246 Vandalioi
1103 1179 1288 1246 oeciderunt
1310 1185 1418 1263 strage
1440 1179 1568 1263 tyranni

741 1283 936 1367 edomitique
958 1282 1078 1365 Getae,
1103 1282 1205 1368 pubes
1227 1283 1454 1365 Alamanniea,
1480 1283 1596 1347 Franci
1657 1282 1662 1290 '

740 1393 850 1469 totque
871 1387 957 1453 aliae
979 1392 1111 1470 gentes,
1136 1385 1325 1468 famosaque
1346 1405 1447 1469 regna
1467 1405 1526 1470 per
1548 1385 1656 1450 orbern

740 1490 843 1556 ardna
864 1490 924 1555 sub
946 1489 1062 1555 nostris
1084 1487 1247 1555 flectentis
1269 1489 1353 1554 oolla
1375 1488 1545 1573 triumphis

741 1612 914 1678 suseepere
936 1593 1065 1677 iugum,
1092 1599 1215 1657 mentes
1238 1592 1425 1674 animosque
1448 1592 1566 1657 dedere

741 1697 887 1777 servitio,
914 1697 1069 1780 nobisque
1090 1702 1284 1762 manenter
1306 1696 1399 1762 hoste
1421 1694 1544 1760 fideles.

741 1822 782 1867 en
804 1801 918 1867 Sultsn
939 1807 1049 1866 nostra
1071 1801 1193 1866 servire
1215 1806 1348 1884 paratus
1369 1800 1403 1864 in
1425 1799 1501 1863 aula

740 1907 866 1989 legatos
888 1904 981 1970 nobis
1003 1910 1035 1970 et
1056 1904 1195 1989 plurima
1215 1922 1351 1968 munera
1372 1901 1479 1967 mittit.

739 2027 820 2091 quos
843 2014 952 2074 eontra
971 2007 1115 2091 ingratos
1137 2006 1347 2088 offendimus,
1373 2025 1463 2070 arma
1484 2022 1646 2090 paramus.

739 2112 902 2177 obstamus
925 2110 1080 2193 dominis,
1106 2109 1250 2195 profugis
1273 2109 1388 2175 damus
1410 2108 1493 2173 ostia
1514 2107 1639 2173 seruis?

740 2215 867 2298 legibus
889 2214 949 2280 hoo
969 2214 1086 2279 nostris
1108 2233 1171 2277 non
1193 2211 1352 2278 eonvenit.
1399 2231 1499 2294 arguo
1522 2211 1652 2276 laetum.

739 2318 881 2402 indignis
904 2318 1095 2403 praebemus
1118 2337 1221 2402 opem.
1269 2316 1446 2399 Gaganque
1467 2314 1574 2381 timeri

741 2443 776 2488 se
798 2428 906 2507 putat,
933 2428 965 2487 et
986 2421 1072 2487 bello
1094 2440 1168 2486 mee
1189 2420 1284 2504 signa
1306 2419 1465 2485 lacessere
1488 2423 1645 2501 temptati

740 2527 803 2607 ite,
829 2525 914 2591 lioet.
963 2544 1092 2610 campos
1115 2524 1203 2590 acies
1225 2531 1258 2589 et
1279 2529 1386 2589 eastra
1407 2529 1537 2608 parate,
1731 2529 1733 2532 ‘

741 2628 967 2713 signorumque
990 2627 1090 2693 duoes
1113 2633 1198 2693 oerto
1221 2633 1349 2712 sperate
1372 2627 1541 2691 meorum'.

827 2731 1014 2798 contremuit
1036 2730 1235 2815 stupefactus
1257 2730 1360 2812 Arar,
1386 2748 1567 2812 magnoque
1590 2727 1702 2793 timore

740 2835 882 2919 diriguit.
930 2834 1024 2901 sioeis
1046 2854 1108 2900 vox
1130 2833 1264 2899 humida
1285 2833 1433 2899 faucibus
1455 2831 1579 2914 haesit,

740 2940 949 3021 turbatusque
969 2937 1067 3003 malis
1088 2938 1235 3021 Augusta
1257 2937 1297 3002 ab
1321 2936 1399 3003 sede
1421 2936 1564 3001 recessit.

827 3049 935 3108 oetera
956 3042 1097 3108 consiliis
1120 3062 1203 3124 quae
1225 3041 1374 3126 prinoeps
1397 3039 1551 3125 providus
1573 3038 1649 3104 altis

742 3146 918 3232 disposuit,
943 3146 1051 3211 verbis
1074 3145 1176 3210 fateor
1198 3143 1415 3230 conprendere
1437 3143 1545 3209 nullus

742 3249 876 3329 suffieit,
902 3255 935 3314 et
956 3249 1042 3333 pleni
1064 3254 1155 3314 tenor
1177 3248 1281 3313 estin
1303 3247 1367 3313 fine
1390 3246 1505 3312 libelli.

742 3355 823 3419 haee
845 3352 947 3417 dilata
968 3372 1098 3437 parurn,
1124 3371 1187 3416 non
1209 3350 1444 3436 praetereunda
1465 3349 1620 3431 relinquo.

742 3476 887 3541 quaeque
909 3455 976 3520 suis
999 3460 1109 3539 aptata
1131 3454 1228 3537 loeis,
1254 3472 1423 3535 rerumque
1445 3452 1604 3535 favorem,

740 3561 950 3642 inquantum
972 3558 1055 3643 potis
1078 3564 1144 3641 est,
1171 3557 1287 3623 devota
1308 3562 1414 3624 mente
1436 3557 1564 3622 notabo.

936 3895 1097 3995 LIBER
1127 3892 1395 3994 QVARTVS.

826 4093 895 4158 Iam
918 4093 1025 4159 vicina
1048 4092 1118 4158 dies
1141 4091 1307 4178 spectandi
1329 4091 1470 4157 consulis
1493 4111 1603 4157 omnes

742 4199 899 4282 urguebat
920 4206 1041 4263 turmas
1064 4215 1157 4262 arens
1179 4194 1316 4260 statione
1338 4195 1463 4280 replere

741 4309 774 4367 et
794 4301 884 4383 looa,
911 4320 993 4384 quae
1016 4299 1145 4386 populis
1167 4297 1349 4384 praefectus
1372 4296 1505 4382 deputat
1527 4298 1631 4380 urbis,

742 4406 903 4470 consultor
924 4404 1032 4486 legum
1056 4402 1277 4485 libertatisque
1298 4400 1439 4466 tuendae

742 4507 928 4592 dispositor,
954 4506 1030 4572 insti
1052 4506 1191 4588 vindex,
1217 4509 1373 4570 eorreetor
1395 4502 1513 4586 iniqui,

741 4629 909 4676 oensuram
930 4608 1090 4692 gravitate
1111 4625 1244 4690 regens,
1270 4606 1433 4688 multoque
1455 4605 1561 4689 rigore

740 4713 910 4795 terribilis3
935 4711 1068 4794 mitique
1090 4711 1196 4794 magis
1217 4710 1338 4795 pietate
1359 4709 1555 4775 tremendus.

739 4824 817 4883 tuno
837 4822 944 4900 partes
965 4815 1090 4881 munire
1112 4833 1188 4880 suas
1211 4813 1412 4899 spatiumque
1434 4833 1548 4898 parare

741 4920 939 4999 aooelerant3
965 4919 1135 5002 medioque
1158 4918 1236 5000 fori,
1262 4938 1327 5000 qua
1349 4916 1449 4983 divite
1472 4916 1586 4983 dextre

616 5047 646 5087 ro
742 5023 912 5108 egrediens
935 5023 1083 5107 princeps
1106 5041 1198 5088 saera
1218 5021 1384 5087 trabeatus
1406 5021 1447 5086 ab
1469 5021 1546 5087 aula

426 5236 477 5287 382
495 5240 572 5300 petris
590 5238 665 5287 hesul
684 5241 696 5285 1
716 5253 767 5299 m.,
798 5240 884 5298 putres
901 5239 928 5281 et
944 5233 987 5281 sni
1004 5234 1021 5280 2
1037 5247 1071 5281 m.
1093 5220 1122 5279 M
1257 5232 1335 5280 lutino
1354 5235 1366 5279 l
1386 5245 1440 5289 m.,
1468 5231 1541 5279 lstlul
1558 5232 1574 5279 2
1591 5246 1624 5281 m.
1647 5229 1675 5278 M
1811 5231 1861 5282 384
1884 5238 1934 5295 qus
1953 5233 1982 5281 M

359 5323 408 5372 385
426 5324 586 5387 edomiteque
604 5323 633 5370 M
733 5323 863 5385 pubesque
881 5309 942 5367 Rutu
1047 5317 1098 5368 388
1117 5318 1189 5367 odere
1209 5322 1220 5366 1
1239 5334 1284 5379 m.,
1305 5317 1397 5367 dedere
1415 5319 1431 5364 2
1448 5331 1481 5365 m.
1503 5315 1531 5363 M
1640 5316 1848 5366 3008080100
1866 5321 1906 5366 vel
1922 5320 1979 5368 Sol·
2085 5358 2088 5364 .

358 5415 401 5457 tau
420 5411 505 5471 Pupp,
526 5410 651 5459 ensoultor
670 5408 705 5471 M,
726 5422 758 5456 en
776 5407 870 5457 sesldor
886 5420 970 5466 praepo
987 5404 1052 5453 Rota
1072 5405 1109 5467 (eu
1130 5404 1159 5464 0)
1295 5403 1345 5453 393
1363 5404 1514 5453 offendimus
1534 5402 1676 5465 Mormnsen,
1698 5404 1858 5454 defendimus
1878 5403 1912 5465 M,
1934 5405 1979 5452 de·
2050 5442 2052 5445 .

358 5494 504 5555 prendimus
520 5497 610 5543 contest
708 5493 756 5543 393
774 5494 901 5543 obstemus
920 5490 950 5538 M
965 5497 988 5539 et
1004 5505 1089 5552 mergo
1101 5490 1174 5551 Rois,
1194 5496 1307 5554 optemus
1326 5490 1390 5540 sou
1409 5489 1447 5549 (ee
1461 5488 1491 5550 0)
1591 5490 1679 5539 demun
1697 5494 1710 5539 1
1724 5507 1770 5552 m.,
1790 5490 1860 5539 dures
1877 5493 1918 5538 vet
1934 5491 1980 5539 ds-

357 5582 514 5630 remustm.
530 5578 559 5627 M
643 5580 694 5630 394
712 5581 902 5639 reginorum„
922 5579 1094 5639 logronium.
1111 5577 1139 5625 M
1233 5577 1282 5628 395
1301 5580 1459 5639 prodemus]
1474 5591 1519 5637 m.,
1539 5579 1745 5640 prebemustm.
1761 5576 1790 5625 M
1875 5577 1924 5627 300
1942 5578 1981 5626 la-

358 5664 598 5716 osseeretemtutM
687 5665 738 5717 400
754 5667 851 5716 fecibus
865 5670 878 5713 1
892 5681 938 5727 m.,
957 5665 1144 5713 lencibuslm.
1162 5663 1190 5711 M
1279 5662 1327 5713 401
1348 5664 1420 5711 malls
1433 5662 1470 5723 M,
1489 5663 1565 5712 minls
1578 5662 1716 5712 Momvmm
1807 5661 1857 5712 403
1875 5677 1980 5726 oonpre-

358 5752 558 5801 henderenullls
571 5750 600 5798 M
683 5750 734 5801 404
753 5753 847 5801 surdelt
861 5751 896 5813 (et
908 5752 978 5813 pleni
990 5756 1062 5800 tenu
1073 5758 1113 5800 est
1124 5753 1153 5799 in
1165 5750 1223 5811 llus)
1239 5750 1342 5799 libellus
1355 5747 1492 5798 Mommsen
1578 5747 1627 5798 405
1646 5749 1739 5797 relineo
1752 5748 1781 5795 M
1866 5748 1917 5800 408
1935 5763 1979 5812 ap·

357 5843 410 5887 utu
427 5837 514 5899 ibeo,
533 5842 618 5900 aptare
638 5837 667 5885 M
767 5850 889 5886 sxrnrcrr
907 5850 987 5885 iussn
1004 5850 1112 5886 rsnms
1130 5850 1232 5884 rucmr
1249 5849 1330 5886 urnis
1347 5848 1465 5885 eruum
1485 5833 1513 5881 M

428 5921 637 5985 illuertrtisque
656 5922 685 5970 M
788 5922 802 5971 l
822 5925 940 5986 mitisque
959 5923 989 5971 M
1089 5922 1105 5971 9
1124 5923 1283 5984 mediumque
1300 5922 1395 5983 forique
1414 5920 1495 5970 dinlte
1514 5919 1543 5967 M
1645 5919 1677 5969 10
1696 5928 1789 5969 secreta
1806 5921 1895 5970 bertus
1914 5919 1942 5967 M

1720 6022 1775 6073 19·
