5030 6734
879 570 1109 632 IOHANNIDOS
1127 576 1198 631 LIB.
1218 575 1298 631 VIII.
1322 573 1405 641 (VII).

721 762 875 829 mortibus
896 764 1015 831 affecit.
1062 765 1223 831 Romanus
1246 763 1378 848 sanguis
1400 764 1539 830 harenas

721 868 854 955 proluit,
881 875 914 934 et
933 868 1028 935 misto
1049 868 1234 952 nigrescunt
1256 888 1396 952 aequora
1416 867 1502 935 tabo.

721 990 779 1038 nos
802 971 873 1039 sitis
895 979 991 1056 atque
1013 972 1133 1055 fames,
1158 971 1295 1038 flammis
1316 990 1376 1037 nos
1398 970 1525 1037 Africus
1547 970 1640 1036 ussit.

722 1081 755 1141 et
775 1073 897 1143 meritis
918 1096 982 1142 non
1004 1076 1089 1141 ullus
1110 1075 1222 1142 honos.
1270 1074 1465 1155 concurrite,
1491 1075 1587 1141 cives.

722 1196 818 1259 saxa,
844 1177 948 1260 faces,
973 1176 1116 1261 gladios,
1142 1177 1299 1262 quidquid
1321 1176 1424 1259 furor,
1449 1176 1499 1245 ira
1519 1175 1694 1259 ministrat,

723 1280 861 1364 diripite.
907 1279 1040 1346 infando
1062 1286 1170 1346 careat
1190 1301 1266 1366 pars
1288 1287 1397 1347 nostra
1418 1280 1527 1347 labore

722 1390 823 1449 morte
846 1383 937 1453 ducis
958 1382 1089 1450 meriti‘.
1136 1383 1205 1450 diro
1228 1384 1275 1450 sto
1296 1390 1402 1449 castra
1422 1382 1559 1449 tumultu

722 1487 886 1571 exagitata
908 1486 1063 1570 fremunt,
1089 1494 1185 1569 atque
1207 1487 1306 1573 impia
1327 1506 1490 1555 murmura
1511 1492 1665 1553 crescunt.

723 1590 918 1656 contrahitur
939 1589 1112 1656 furibunda
1132 1610 1264 1673 manus,
1290 1596 1444 1672 coetuque
1467 1596 1575 1656 coacto

724 1682 884 1760 exacuunt
905 1693 1020 1760 dubias
1041 1693 1159 1760 iunctis
1181 1693 1359 1760 fervoribus
1380 1693 1463 1775 iras,

724 1797 960 1879 decemuutque
981 1797 1086 1863 nefas.
1133 1797 1253 1863 clamor
1272 1796 1409 1873 tentoria
1431 1795 1544 1867 miscet

723 1899 905 1983 horrificus,
932 1900 1039 1966 saeris
1061 1907 1190 1969 resonat
1210 1899 1414 1984 clangoribus
1436 1898 1564 1981 aether,

724 2023 787 2068 non
808 2002 905 2068 aliter
926 2000 1032 2069 dubiis
1055 2022 1151 2085 quam
1173 2001 1270 2069 ferret
1291 2002 1414 2087 proelia
1435 2001 1530 2067 fessis

725 2106 833 2172 omnia
855 2105 1047 2172 conturbans
1069 2108 1242 2173 Nasamon.
1289 2104 1430 2171 ductoris
1451 2112 1487 2171 ut
1507 2123 1601 2173 aures

725 2209 858 2293 contigit
879 2208 936 2276 ille
958 2228 1071 2291 sonus,
1100 2209 1265 2293 ‘quisnam
1288 2209 1463 2294 crepitante
1485 2208 1622 2274 tumultu

726 2312 869 2397 exagitat
890 2332 962 2378 mea
985 2319 1090 2379 castra
1111 2312 1219 2378 furori
1239 2312 1438 2398 perquirite,
1465 2310 1546 2378 dixit

730 2419 780 2482 ‘ct
801 2416 938 2482 celerem
959 2421 1120 2483 removete
1142 2415 1304 2500 gradum'.
1350 2414 1416 2485 dux
1438 2414 1570 2483 Turesis
1591 2420 1666 2479 ante

726 2518 889 2603 egreditur
908 2518 1053 2604 trepidus
1074 2539 1180 2585 rerum
1201 2518 1384 2585 condiscere
1406 2536 1531 2587 causas.

727 2630 762 2688 ut
784 2622 935 2708 strepitus
957 2622 1058 2688 sensit
1080 2622 1195 2688 dubios
1217 2641 1420 2706 murmurque
1442 2621 1598 2704 urorum,

726 2726 864 2795 accessit
884 2725 1021 2810 placidis
1044 2726 1179 2811 populos
1203 2724 1316 2792 sedare
1337 2725 1485 2807 loquelis.

726 2848 786 2895 nec
808 2828 898 2897 ducis
920 2829 979 2895 hos
1001 2828 1100 2895 facies
1122 2849 1182 2897 uec
1203 2828 1303 2897 verba
1323 2827 1488 2913 precantia
1508 2826 1640 2893 flectunt

727 2951 787 2997 nec
808 2933 970 3001 Romamn
990 2932 1106 2998 honos:
1133 2931 1249 2999 animis
1271 2932 1449 2999 reverentia
1470 2931 1578 2999 cessit.

727 3034 798 3105 ausi
820 3035 898 3118 quiu
920 3035 1015 3103 etiam
1037 3034 1163 3121 lapides
1183 3041 1342 3119 temptare
1364 3035 1516 3103 minaces.

727 3139 885 3223 urguebat
905 3157 976 3206 sors
996 3158 1095 3205 saeva
1116 3138 1201 3207 viros
1223 3137 1388 3223 fatumque
1410 3138 1518 3205 futura

727 3248 828 3309 morte
849 3261 1015 3327 premens,
1040 3241 1238 3326 miserosque
1260 3241 1331 3308 dics
1353 3262 1503 3328 suprema
1523 3241 1680 3319 trahebat.
1738 3240 1745 3249 '

727 3344 861 3413 vertitur
881 3343 924 3411 ad
946 3344 1076 3411 dubium
1099 3344 1235 3430 pedibus
1258 3344 1344 3411 celer
1363 3344 1440 3411 inde
1462 3343 1650 3426 magistrum

728 3448 874 3530 nuntius,
901 3455 934 3514 et
955 3466 1070 3514 saevas
1091 3447 1198 3513 insani
1219 3447 1329 3515 militis
1351 3446 1416 3515 irus

728 3550 889 3617 exarsisse
911 3550 1017 3619 serens
1038 3551 1160 3617 bellum
1183 3549 1277 3617 civile
1299 3557 1430 3636 repente

728 3660 830 3719 ortum
852 3654 907 3720 ait.
954 3653 1118 3723 infremuit
1139 3654 1266 3737 ductor,
1292 3654 1454 3737 telumque
1475 3652 1635 3721 verendus

729 3757 894 3842 corripuit,
920 3757 1087 3842 fossasque
1109 3757 1218 3824 furens
1238 3765 1272 3824 et
1294 3763 1399 3824 castra
1420 3756 1549 3841 reliquit

729 3860 899 3944 egrediens
921 3860 1038 3928 virtute
1061 3879 1130 3927 sua.
1176 3861 1369 3946 comitesque
1392 3861 1493 3929 secuti

728 3969 824 4047 atque
848 3963 948 4030 duces
970 3970 1003 4030 et
1023 3963 1090 4030 fida
1110 3984 1235 4030 manus.
1281 3971 1358 4031 tune
1378 3983 1499 4048 aggere
1521 3963 1608 4031 celso

730 4066 886 4153 constitit,
912 4072 1008 4150 atque
1030 4067 1122 4150 graui
1143 4066 1279 4152 populos
1301 4067 1348 4133 sic
1369 4087 1447 4133 voce
1470 4066 1613 4133 furentes

730 4167 896 4235 admonuit
917 4171 1101 4239 metuenda.
1151 4168 1272 4237 ‘ferum
1293 4189 1345 4235 me
1367 4188 1482 4253 nempe
1503 4168 1657 4253 putabas,

729 4270 839 4354 miles,
865 4273 982 4347 acerba
1004 4272 1136 4339 furens?
1158 4272 1187 4338 si
1208 4273 1259 4338 fas
1280 4271 1429 4341 civilibus
1450 4271 1550 4341 armis

728 4372 842 4457 iusque
864 4375 973 4445 mirum
995 4383 1196 4456 emensum,
1221 4396 1376 4461 propera,
1403 4375 1431 4441 si
1452 4375 1540 4443 bella
1561 4374 1662 4445 vetari

730 4496 781 4541 me
803 4484 955 4562 pereunte
977 4485 1088 4564 putas,
1115 4479 1142 4543 si
1163 4479 1276 4547 llartis
1298 4496 1397 4545 causa
1417 4478 1576 4547 Iohannes

730 4579 864 4647 civibus.
911 4581 1034 4647 haecne
1056 4581 1160 4647 fides?
1182 4580 1209 4647 si
1232 4581 1278 4647 sic
1300 4582 1445 4647 Romana
1465 4579 1598 4646 recessit

729 4702 770 4748 ex
792 4683 906 4749 culmis
927 4684 1049 4769 pietas,
1074 4683 1245 4751 cartalam
1267 4683 1416 4768 gentibus
1438 4682 1507 4750 istis

729 4787 816 4852 bella
836 4807 959 4870 geram.
1003 4793 1112 4855 noster
1133 4786 1223 4853 fortis
1245 4805 1433 4874 semperque
1455 4786 1561 4857 fidelis

731 4890 850 4955 Cusina
871 4890 967 4957 rebus
990 4890 1066 4973 erit,
1092 4896 1205 4972 gentes
1227 4890 1422 4972 comitesque
1444 4891 1617 4973 ducesque.

730 5012 787 5059 vos
809 4993 928 5077 ignava
947 5013 1064 5061 manus
1084 4993 1201 5061 nostris
1223 4993 1378 5060 discedite
1400 4993 1522 5059 castris.

730 5095 849 5163 vadite.
895 5096 960 5161 iam
981 5096 1091 5161 veniat
1112 5096 1276 5163 commotis
1299 5095 1419 5167 Gusiua
1440 5096 1563 5161 cannis.

729 5206 837 5265 noster
857 5198 1006 5265 Ifisdaias
1027 5197 1164 5284 propriis
1185 5218 1258 5263 cum
1279 5198 1429 5282 gentibus
1451 5198 1532 5263 assit

731 5302 913 5387 Bezinaque
935 5308 968 5368 et
989 5302 1083 5371 velox
1105 5302 1192 5369 acies
1214 5300 1400 5369 famulantis
1421 5301 1569 5369 laudae'.

416 5545 448 5595 85
467 5547 564 5595 meritis
578 5547 608 5607 T,
627 5548 733 5619 meritus
751 5547 806 5607 lectt
825 5545 904 5596 Mosa.
1009 5542 1044 5594 811
1061 5545 1180 5606 quicquid
1196 5546 1266 5593 turer
1282 5545 1319 5595 ira
1335 5544 1364 5603 T,
1384 5551 1507 5606 quotquot
1524 5545 1590 5593 lutor
1607 5560 1673 5593 arma
1686 5544 1764 5596 Muta.
1869 5547 1900 5596 81
1920 5549 1963 5597 dl-

348 5634 421 5693 rlplte
439 5632 525 5695 aeas„
545 5633 625 5695 diflpe
643 5638 669 5681 et
689 5632 710 5678 T
828 5630 859 5682 88
879 5631 968 5679 merita
986 5628 1063 5679 Muza.
1184 5630 1214 5679 91
1235 5632 1328 5679 iunctis
1346 5630 1439 5691 addicit,
1460 5630 1553 5680 mediis
1571 5630 1629 5680 aaa.
1652 5631 1728 5681 Mora.
1748 5630 1876 5691 conferam
1893 5633 1961 5693 Vcry.

350 5717 435 5777 acore.
457 5717 503 5765 111
521 5719 570 5765 161
703 5716 734 5766 st
754 5718 870 5779 exagitor
890 5718 910 5764 T
1042 5715 1075 5767 98
1093 5717 1195 5767 tamesis
1214 5716 1235 5763 T
1370 5716 1418 5765 106
1435 5723 1513 5765 marte
1534 5717 1554 5764 T
1695 5715 1741 5765 112
1760 5718 1922 5780 cominusque
1942 5719 1963 5765 T

349 5801 396 5851 113
413 5816 486 5861 cgere
507 5802 527 5848 T
633 5801 680 5851 tlt
698 5804 830 5852 coustituit
850 5804 871 5850 T
978 5801 1024 5850 118
1043 5804 1128 5851 mortis
1148 5801 1226 5852 Meas.
1334 5799 1379 5851 121
1400 5803 1489 5851 naehta
1509 5801 1587 5851 Muza.
1695 5802 1752 5852 122.
1774 5800 1822 5852 124
1839 5803 1924 5852 coslun
1943 5803 1964 5850 T

350 5888 396 5937 1211
416 5890 553 5950 uariatque
573 5888 594 5935 T
1766 5889 1769 5896 “

423 5988 542 6030 Occurres.
1063 5990 1066 5995 ’
1265 5990 1269 5995 ’
1727 5989 1758 6039 13
