5042 6726
989 562 1219 619 rbuhuulbbs
1238 565 1307 619 LIB.
1328 564 1351 619 I.

742 761 793 818 ast
816 752 870 818 ubi
893 753 1075 838 compositis
1098 752 1202 838 coepit
1224 752 1397 838 procedere
1418 752 1532 818 burmis

743 856 952 940 victricesque
974 856 1102 940 aquilas
1123 856 1212 922 acies
1233 856 1403 922 ostendere
1426 854 1566 941 campis.

742 959 789 1026 sic
810 960 893 1026 bene
915 960 1052 1026 sollicito
1074 959 1267 1045 dispensans
1288 966 1416 1045 pectore
1439 958 1550 1025 ductor

741 1063 892 1128 admonet
912 1062 983 1146 ipse
1005 1062 1122 1145 duces,
1148 1082 1264 1129 causas
1285 1062 1492 1147 referensque
1515 1060 1710 1145 docensque.

745 1168 780 1229 ‘o
802 1165 949 1230 Romana
970 1184 1101 1246 manus,
1127 1184 1203 1250 spes
1225 1185 1244 1229 o
1266 1164 1424 1230 fidissima
1447 1184 1566 1245 rerum,

741 1290 759 1332 o
781 1267 884 1333 uirtus
905 1267 1054 1352 orbisque
1076 1267 1176 1334 decus
1198 1287 1421 1351 summumque
1443 1268 1607 1351 levamen,

739 1368 930 1455 imperiique
952 1369 1034 1436 fidos
1056 1378 1088 1436 et
1110 1370 1208 1437 nostri
1231 1371 1340 1456 palme
1363 1369 1500 1453 laboris,

612 1494 642 1531 ’5
741 1480 828 1540 certa
850 1473 926 1539 lieet
947 1473 1055 1555 vohis,
1082 1492 1165 1558 quae
1187 1474 1229 1539 sit
1250 1473 1369 1540 fiducia
1391 1473 1497 1557 genti,
1523 1481 1590 1555 est,

738 1577 810 1661 ipse
831 1583 940 1642 tamen
961 1595 1133 1643 memorem
1155 1576 1293 1642 insidias
1314 1575 1510 1661 fraudesque
1532 1576 1704 1660 dolosque,

739 1686 772 1745 et
791 1678 964 1745 metuenda
985 1698 1104 1746 canens
1126 1686 1177 1761 et,
1202 1698 1286 1762 quae
1307 1679 1512 1765 peragenda,
1537 1680 1719 1746 revolvens.

738 1782 862 1868 proelia
884 1782 965 1848 dura
987 1782 1070 1848 dolis
1092 1802 1255 1865 nunquam
1278 1802 1408 1850 caruere
1430 1782 1593 1865 malignis.

738 1886 825 1952 bella
847 1906 905 1971 per
926 1885 1062 1952 insidias
1084 1885 1172 1952 acies
1194 1886 1359 1952 Maumsia
1381 1886 1483 1970 gessit

738 2008 882 2074 semper,
908 1998 941 2054 et
962 1990 1106 2055 obscuris
1128 1988 1232 2055 fidens
1256 1988 1402 2055 subsedit
1427 1989 1592 2053 inarmis.

738 2093 870 2175 solaque
892 2093 1054 2177 Massylas
1077 2100 1186 2158 servat
1206 2091 1338 2157 fallacia
1359 2092 1463 2174 vires,

738 2204 771 2260 et
791 2194 921 2261 timidos
943 2195 1066 2261 bellare
1089 2195 1182 2279 facit,
1209 2194 1284 2260 dum
1308 2214 1388 2260 sana
1409 2194 1551 2260 latebras

738 2298 899 2364 montibus
920 2298 953 2362 in
976 2297 1110 2363 summis
1131 2305 1187 2363 ant
1208 2297 1284 2364 altis
1306 2297 1438 2364 flumina
1460 2297 1538 2382 ripis

736 2406 918 2485 praestant,
944 2408 1000 2467 aut
1023 2400 1077 2466 ubi
1099 2401 1216 2484 glauca
1237 2420 1351 2467 nemus
1374 2400 1529 2467 distendit
1551 2401 1653 2484 oliva,

611 2527 640 2565 ’.5
736 2503 858 2570 arboris
880 2511 936 2569 aut
958 2504 1045 2570 altae
1068 2503 1218 2570 frondoso
1241 2504 1359 2569 vertice
1383 2504 1478 2570 robur

737 2605 837 2672 eflicit
858 2605 991 2672 occultis
1013 2606 1101 2673 acies
1123 2605 1291 2672 subsidere
1314 2607 1446 2692 campis.

735 2709 902 2776 fraudibus
924 2708 976 2775 his
999 2717 1100 2776 certat
1122 2709 1318 2776 committere
1340 2710 1463 2796 proelia
1485 2710 1632 2794 Maurus,

737 2819 771 2878 ut
793 2812 878 2878 celer
899 2812 1061 2879 incautum
1085 2812 1232 2880 subitans
1254 2820 1414 2879 exterreat
1434 2813 1557 2879 hostem

734 2915 984 3000 ambiguumque
1006 2923 1149 3001 premat,
1175 2916 1276 2982 fretus
1298 2936 1492 2999 numeroque
1514 2916 1648 3001 locoque

734 3026 767 3084 et
789 3018 917 3085 domitis
939 3018 1077 3085 conlisus
1100 3018 1204 3101 equis.
1250 3026 1327 3086 tunc
1348 3019 1485 3102 belliger
1507 3026 1578 3084 astu

735 3121 885 3206 mittitur,
911 3122 946 3187 in
968 3122 1081 3206 planos
1104 3141 1195 3187 rarus
1218 3120 1273 3205 qui
1294 3121 1418 3208 proelia
1440 3141 1569 3208 campos

732 3233 882 3309 provocet
903 3233 935 3291 et
956 3226 1042 3292 visos
1065 3225 1195 3310 fugiens
1217 3233 1393 3310 exaggeret
1415 3226 1535 3292 hostes.

732 3327 788 3393 ille
811 3327 875 3394 levi
898 3347 992 3394 cursu
1014 3328 1157 3414 praefixo
1179 3327 1313 3393 hastilia
1335 3327 1418 3394 ferro

732 3431 854 3514 vibrat,
880 3438 913 3498 et
933 3430 1065 3497 incurvo
1087 3451 1146 3497 nec
1169 3436 1276 3497 cessat
1295 3429 1424 3497 flectere
1447 3451 1528 3516 gyro

622 3558 635 3595 s
733 3533 935 3620 cornipedem
958 3533 1124 3601 domitum.
1173 3533 1231 3600 sed
1253 3553 1324 3611 curn
1347 3532 1565 3619 properaverit
1587 3533 1706 3617 hostis,

732 3645 802 3704 arte
825 3637 925 3721 fugit,
952 3644 1096 3723 comptas
1117 3646 1153 3703 ut
1175 3643 1307 3723 spargat
1328 3637 1466 3704 callidus
1488 3637 1575 3719 alas,

731 3742 808 3807 dum
830 3741 974 3823 sequitur
995 3759 1166 3807 numerosa
1187 3759 1301 3806 manus
1323 3740 1502 3823 victrixque
1524 3746 1655 3827 putatur

730 3863 804 3909 esse
826 3842 905 3926 sibi,
931 3850 963 3910 et
984 3850 1067 3910 totos
1089 3862 1206 3927 agmon
1228 3840 1379 3909 diffundit
1401 3843 1434 3908 in
1455 3862 1562 3926 agros.

730 3947 781 4012 his
803 3946 872 4031 agit
892 3947 925 4011 in
947 3946 1043 4013 hellis
1066 3947 1192 4030 lingens
1214 3946 1389 4014 certamina
1410 3946 1524 4012 Mauax

729 4049 874 4133 insidiis,
901 4049 1001 4116 donec
1023 4049 1147 4116 medios
1168 4048 1322 4135 perducat
1343 4048 1377 4114 in
1398 4048 1508 4115 hostes

728 4153 845 4220 hostile
868 4152 1009 4219 obsessis
1032 4153 1237 4219 conclausum
1260 4152 1401 4219 vallibus
1422 4172 1551 4235 agmen.

728 4265 803 4323 tunc
825 4255 919 4322 dolus
940 4256 997 4322 ille
1020 4263 1134 4342 patens
1157 4274 1272 4322 saevas
1294 4254 1429 4323 effundit
1450 4256 1612 4338 habenas,

727 4360 966 4442 absconsasque
989 4359 1053 4427 ciet
1074 4366 1139 4426 tota
1162 4359 1202 4425 de
1224 4366 1316 4445 parte
1339 4365 1496 4425 catervas.

727 4482 822 4546 quem
845 4470 949 4529 metus
971 4483 1046 4529 acer
1067 4463 1153 4547 agit,
1178 4461 1280 4548 primo
1303 4461 1386 4545 fugit
1408 4461 1464 4526 ille
1487 4461 1636 4528 tumultu.

617 4587 630 4625 s
695 4562 697 4565 ’
728 4565 813 4631 hunc
834 4565 952 4650 premit
972 4565 1078 4631 elatus
1101 4585 1200 4631 saevo
1222 4564 1282 4629 sub
1304 4564 1437 4630 vulnere
1460 4563 1605 4647 Maurus,

726 4688 821 4752 quem
843 4667 1041 4753 impavidum
1064 4668 1157 4734 timor
1179 4668 1249 4753 ipse
1272 4666 1359 4733 facit.
1408 4666 1457 4732 sin
1479 4667 1592 4732 robore
1615 4668 1705 4734 firmo

725 4771 925 4837 constiterint
946 4780 1021 4836 tunc
1044 4770 1126 4837 forte
1148 4769 1227 4854 viri,
1253 4790 1317 4836 non
1338 4768 1408 4836 ulla
1429 4777 1581 4852 sequetur

724 4873 883 4940 audentes
905 4894 1050 4960 pugnare
1072 4892 1205 4959 manus,
1231 4873 1289 4940 sed
1313 4873 1396 4938 colla
1418 4870 1584 4939 reflectunt

725 4976 837 5044 mollia
858 4976 1104 5062 quadrupedum
1126 4976 1221 5043 versi.
1269 4977 1316 5042 sic
1336 4977 1426 5043 bella
1447 4976 1646 5059 relinquunt,

580 5102 627 5144 seo
724 5080 771 5146 sic
793 5079 881 5146 acies
903 5078 1041 5163 fugitiva
1064 5079 1165 5161 cadit,
1192 5079 1239 5145 sic
1260 5078 1352 5145 firma
1375 5079 1510 5145 resistet.

723 5204 798 5249 nam
821 5182 951 5248 timidos
974 5182 1103 5249 fortuna
1125 5189 1265 5268 premet,
1290 5189 1464 5265 cautosque
1486 5181 1610 5248 iuvabit

337 5349 382 5356 ι.-
391 5352 445 5357 --.-..
455 5352 512 5359 -0
520 5351 748 5359 ——---.--—-

405 5446 456 5494 513
472 5447 590 5508 aciesque
607 5444 686 5496 51555.
800 5441 948 5493 hostendere
964 5446 1034 5508 cepis
1056 5443 1077 5491 T
1196 5440 1419 5503 5201555155,
1439 5442 1607 5493 ducemz’m.
1633 5444 1654 5490 T
1773 5441 1820 5492 521
1841 5445 1962 5508 (15551555-

336 5532 396 5577 rm.
416 5530 474 5577 Tin
485 5531 561 5578 littera
664 5529 714 5579 525
732 5536 799 5579 certe
811 5529 870 5577 lieet
885 5528 914 5591 T,
935 5533 1003 5578 certe
1013 5530 1095 5592 liquet
1108 5528 1243 5578 Hominem
1329 5532 1368 5576 est
1379 5527 1442 5577 delet
1454 5526 1592 5576 Morinum
1696 5527 1745 5577 521
1764 5542 1857 5580 canens
1867 5535 1960 5594 scripsi.

335 5628 427 5665 canens
450 5616 471 5661 T
590 5615 640 5665 535
658 5617 715 5665 alde
736 5616 756 5662 Τ
878 5612 927 5662 531
946 5614 988 5663 his
1006 5614 1188 5674 5555518555,
1209 5615 1237 5662 id
1254 5620 1331 5663 certet
1353 5613 1381 5675 T,
1401 5613 1513 5675 lnceptat
1531 5613 1608 5664 Mass.
1727 5615 1777 5664 538
1795 5617 1910 5665 cubitans
1931 5619 1959 5673 Τ,

335 5700 575 5763 rustenstheim,
604 5703 755 5752 sumentem
779 5700 895 5749 debltam
911 5699 1002 5763 Beleia,
1032 5701 1115 5750 subito
1134 5699 1213 5751 Meas.
1353 5706 1490 5762 perterreat
1514 5698 1591 5748 11555.
1732 5699 1782 5749 542
1806 5710 1924 5763 sugeret
1945 5705 1965 5751 Τ

334 5785 384 5835 515
402 5787 607 5850 propmuerltT
711 5785 761 5835 bid
778 5785 913 5836 calidusT
1015 5784 1066 5835 513
1083 5786 1210 5835 msxsxT
1310 5784 1358 5835 551
1378 5787 1481 5835 obtexis
1491 5799 1547 5833 cum
1559 5785 1671 5835 51555555
1689 5788 1710 5834 Τ
1806 5787 1855 5837 553
1873 5803 1962 5839 escon·

333 5888 423 5935 sasque
442 5876 492 5922 cist
512 5872 533 5920 T
634 5872 684 5922 556
701 5873 858 5935 impanldum
878 5872 964 5921 msc..
984 5873 1105 5936 pauidum
1127 5872 1148 5919 T
1252 5872 1302 5920 560
1320 5872 1423 5921 resistet
1440 5874 1536 5933 scripsi,
1556 5877 1633 5920 restet
1653 5872 1681 5932 T,
1702 5874 1800 5923 resistit
1818 5872 1895 5927 11555,
