5042 6726
1057 558 1284 615 PROOEMIUM.
1665 636 1670 654 .
1926 555 1989 621 VII

350 809 478 873 negans
500 787 698 854 lastinianus
721 786 912 879 Ceilamiro,
939 784 994 867 qui
1017 782 1107 869 pacis
1130 781 1332 847 condiciones
1354 799 1465 846 omues
1488 780 1658 862 reiecerat,
1684 780 1806 845 bellum
1828 777 1937 844 intulit
1945 782 1983 857 4).

352 876 738 974 dealfficffn
767 905 891 971 dnobus
914 903 1044 989 proeliis
1071 902 1172 985 dcto,
1204 922 1281 985 rege
1309 901 1381 986 ipso
1404 900 1580 967 Ceilamiro
1610 907 1704 985 capto
1725 907 1827 966 totum
1849 918 1984 982 regnum

352 1028 569 1094 Vandalicum
591 1029 637 1093 ita
659 1025 792 1111 imperio
809 1024 971 1117 Byzaniiq
973 1106 978 1113 ι
985 1022 1115 1117 adiecit,
1142 1028 1177 1088 ut
1199 1021 1386 1087 dioeceseos
1407 1021 1440 1085 in
1464 1020 1598 1085 formam
1617 991 1984 1104 redactam-‘in'septem

347 1112 982 1234 fflMetigitanam,
1009 1114 1321 1224 Carthaginiensem,
1348 1142 1562 1226 Byzacenam,
1590 1139 1843 1225 Tripolitanum,
1869 1138 1986 1204 Numi-

352 1267 453 1349 diam,
479 1265 725 1347 Mauretaniam,
751 1263 944 1329 Sardiniam.
984 1262 1152 1328 Praefecto
1173 1261 1334 1347 praetorio
1357 1261 1498 1344 Africae,
1524 1260 1579 1343 qui
1599 1267 1700 1326 totam
1723 1258 1895 1325 dioecesim
1925 1258 1986 1324 ad-

351 1386 571 1467 ministrabat,
609 1390 641 1450 et
674 1383 876 1464 consulares,
913 1382 969 1468 qui
1002 1388 1169 1465 quattuor,
1206 1401 1287 1465 quas
1317 1381 1439 1466 priores
1468 1380 1648 1463 nominavi,
1685 1379 1858 1464 provinciis
1891 1399 1986 1463 prae-

351 1507 499 1588 fuerunt,
536 1512 569 1571 et
600 1511 778 1569 ceterarum
810 1502 907 1567 trium
940 1502 1108 1587 praesides
1142 1501 1307 1586 parebant.
1362 1503 1515 1567 Armatae
1545 1499 1698 1581 militiae,
1735 1518 1818 1582 quae
1851 1498 1932 1565 fines
1965 1520 1985 1565 a

352 1627 534 1691 Maurorum
556 1623 791 1691 incursionibus
817 1621 1026 1703 defendebat,
1059 1621 1295 1707 provinciarum
1325 1620 1525 1704 singularum
1554 1619 1649 1685 limiti
1677 1618 1895 1685 adiacentium
1925 1618 1987 1685 du·
2095 1666 2103 1680 .

350 1764 406 1811 ces
436 1744 654 1830 praefuerunt.
708 1744 755 1807 Ac
783 1741 898 1809 ducem
927 1741 1057 1825 quidem
1088 1740 1308 1826 Tripolitanae
1337 1740 1521 1825 provinciae
1550 1739 1584 1804 in
1614 1739 1877 1824 Leptimagnensi
1907 1739 1986 1806 civi-

348 1871 435 1946 tate,
473 1864 664 1948 Byzaceuae
693 1863 820 1947 Capuae
855 1860 887 1928 et
918 1861 952 1927 in
985 1862 1089 1927 altera
1122 1862 1240 1944 Lepte,
1276 1859 1450 1925 Numidiae
1484 1859 1729 1943 Constantinae,
1767 1860 1986 1926 Mauretaniae

351 1984 534 2050 Caesareae
567 1983 694 2049 interim
728 1983 824 2048 sedes
857 1981 976 2048 babere
1006 1981 1179 2065 imperator
1206 1979 1303 2045 iussit
1311 1983 1348 2063 ὗ).
1396 1980 1586 2065 Byzacenae
1608 1979 1792 2064 provinciae
1826 1978 1900 2045 duci
1932 1999 1986 2046 se-

350 2103 412 2169 des
442 2103 525 2168 duas
554 2102 780 2188 imperatorem
810 2100 958 2179 dedisse,
996 2101 1132 2166 alteram
1160 2099 1377 2181 limitaneam,
1415 2099 1608 2164 maritimam
1636 2100 1772 2165 alteram
1802 2100 1986 2184 provinciae

352 2223 449 2289 buius
468 2221 691 2307 magnitudine
708 2221 834 2303 situque
850 2221 1018 2305 perpensis
1033 2240 1095 2284 non
1119 2218 1277 2302 estquod
1298 2218 1460 2283 miremur.
1494 2217 1560 2285 Sed
1575 2219 1701 2304 Leptim
1718 2219 1882 2301 minorem,
1900 2221 1990 2304 quod

351 2342 544 2427 oppidulum
567 2348 600 2407 et
621 2347 737 2407 natum
759 2360 872 2424 parum
902 2339 1059 2404 munitum
1090 2346 1122 2404 ct
1151 2338 1275 2404 difficili
1302 2338 1532 2421 navigantibus
1561 2339 1651 2405 aditu
1681 2339 1783 2405 fuisse
1813 2344 1984 2423 constatij,

354 2462 473 2527 ceteris
501 2461 631 2547 oppidis
660 2459 831 2525 maritimis
861 2458 1053 2543 praetulisse
1075 2459 1291 2525 lastinianum
1320 2458 1411 2524 brevi
1441 2465 1513 2543 post
1541 2459 1711 2543 poenituit.
1758 2460 1872 2543 Neque
1902 2460 1988 2526 enim

351 2581 497 2647 dubitari
519 2587 636 2665 potest,
663 2579 741 2662 quin
763 2578 855 2644 ducis
877 2578 1041 2664 Byzaceni
1063 2577 1159 2644 sedes
1180 2579 1215 2643 in
1238 2580 1349 2644 urbem
1372 2578 1556 2663 provinciae
1579 2579 1893 2664 splendidissimam,
1919 2580 1989 2645 Ha·

355 2701 548 2783 drumetum,
574 2700 732 2766 translata
750 2699 803 2781 sit,
829 2718 913 2780 quae
936 2698 1066 2782 egregie
1096 2698 1310 2765 alustiniano
1332 2698 1455 2764 munita
1478 2699 1548 2764 eius
1569 2699 1604 2764 in
1625 2699 1777 2766 bonorem
1792 2699 1989 2766 Iustiniano-

354 2822 439 2906 polis
462 2821 631 2906 appellata
653 2823 749 2903 est⁷].
796 2816 988 2883 Hadmmeti
1011 2838 1095 2883 auno
1119 2822 1180 2882 545
1199 2818 1383 2884 ‘Himerium
1405 2819 1539 2904 Byzacii
1561 2818 1676 2885 ducem
1702 2815 1762 2903 (τὸν
1784 2817 1903 2885 πάντων
1927 2811 1988 2906 ἄρ-

353 2964 450 3027 χοντα
472 2946 532 3005 τῶν
556 2944 587 3006 ἐν
612 2938 756 3025 Βυζαντίῳ
781 2939 978 3024 στρατιωτῶν)
1011 2938 1217 3004 constitutum
1247 2958 1320 3003 esse
1342 2938 1518 3023 Procopius
1545 2938 1759 3025 etCorippus
1780 2943 1986 3024 euanuit).

357 3059 504 3126 Eandem
537 3059 648 3125 urbem
677 3058 798 3124 milites
818 3077 930 3125 omnes
952 3058 1132 3143 Byzaceni,
1164 3058 1220 3141 qui
1242 3057 1435 3123 Canteritbo
1457 3058 1586 3125 Africae
1616 3058 1866 3126 dominationem
1896 3079 1990 3125 usur-

352 3187 453 3265 pante
475 3178 572 3244 fidem
594 3178 780 3264 imperatori
810 3183 1035 3257 servaverant,
1071 3184 1251 3243 tenuerunt.
1295 3177 1470 3244 Etiamtum
1492 3198 1591 3244 unum
1614 3178 1727 3245 ducem
1756 3180 1985 3265 (Marcentium)

350 3299 492 3383 Byzacio
515 3300 573 3365 toti
595 3298 776 3384 praefuisse
799 3318 818 3364 e
840 3297 986 3382 Procopii
1014 3297 1198 3363 narratione
1228 3297 1308 3363 satis
1339 3298 1490 3380 elucetlj.
1545 3301 1638 3364 Anno
1668 3306 1775 3366 autem
1804 3299 1987 3384 insequenti

353 3418 488 3504 Byzacii
510 3419 657 3500 limitem,
684 3418 736 3484 cui
759 3426 791 3484 et
812 3419 854 3483 ab
877 3417 1043 3483 occidente
1070 3417 1139 3482 sole
1168 3424 1201 3483 et
1229 3438 1250 3481 a
1278 3416 1412 3482 meridie
1436 3418 1544 3483 hostes
1565 3419 1792 3502 imminebant,
1826 3421 1988 3487 Iohannes

350 3539 510 3622 magister
531 3539 669 3605 militum
693 3537 819 3604 duobus
841 3536 976 3602 ducibus
1000 3536 1243 3602 custodiendum
1265 3535 1409 3602 tradidit.
1442 3537 1637 3603 Iohannidos
1660 3538 1744 3604 enim
1761 3539 1806 3604 VI
1829 3544 1870 3604 49
1892 3561 1988 3625 prae·

351 3658 439 3725 sidia
462 3678 519 3744 per
541 3658 725 3743 provincias
749 3657 970 3742 disponentem
992 3656 1183 3740 magistrum
1206 3655 1287 3721 baec
1310 3656 1468 3722 dicentem
1491 3656 1570 3722 facit
1592 3658 1767 3744 Corippns:

758 3777 892 3862 Byzacii
914 3777 1053 3860 geminis
1077 3776 1213 3842 ducibus
1236 3777 1278 3842 sit
1298 3777 1441 3841 maxima
1464 3797 1540 3842 cura

760 3880 922 3964 Massylas
944 3880 1032 3945 acies
1055 3879 1125 3943 acie
1146 3880 1276 3945 turbare
1299 3880 1440 3963 sequaci,

760 3983 908 4049 sollicitis
930 3983 1039 4048 tristes
1061 3981 1182 4065 gladiis
1205 4002 1342 4066 urguere
1365 3982 1558 4067 phalanges,

761 4092 794 4150 et
816 4085 927 4170 procul
950 4106 970 4150 a
992 4085 1110 4150 nostris
1133 4084 1297 4168 expellere
1320 4084 1437 4149 finibus
1460 4085 1580 4152 hostes.

353 4297 459 4360 aptache
478 4297 522 4345 des
535 4295 686 4345 Gothiscben
705 4295 822 4343 utbrend
841 4296 886 4343 der
898 4295 954 4343 Zeit
967 4296 1050 4343 seines
1064 4294 1211 4342 Bestehens.
1233 4293 1351 4354 Marburg
1365 4294 1430 4344 1862
1448 4310 1474 4358 p.
1489 4293 1532 4344 43.
1547 4294 1589 4345 53.
1604 4296 1646 4345 65.
1663 4295 1703 4345 tn.
1720 4297 1752 4347 78
1771 4303 1797 4345 et
1808 4297 1887 4346 Maur.
1903 4298 1987 4359 Haupt

353 4383 449 4445 Cpusc.
464 4382 551 4444 philol.
567 4382 604 4430 lll
617 4395 642 4442 p.
658 4380 716 4431 616.

447 4466 473 4526 4)
493 4468 547 4516 lob.
567 4468 604 4515 lll
623 4466 760 4515 roi-266
779 4468 789 4514 l
808 4465 942 4516 366-391
963 4466 1000 4513 111
1024 4464 1211 4515 14-221’100.
1232 4466 1256 4514 b.
1278 4465 1358 4512 Vand.
1380 4464 1435 4513 19.
1457 4463 1496 4515 io.

444 4554 469 4613 6)
491 4553 551 4602 Cod.
572 4555 636 4601 lust.
656 4552 713 4601 127
733 4553 764 4601 de
782 4553 863 4601 oficio
882 4554 1002 4614 praetecti
1020 4552 1145 4614 praetorio
1163 4552 1264 4600 atricae
1282 4556 1309 4600 et
1327 4551 1357 4599 de
1375 4553 1442 4599 omni
1461 4552 1602 4602 dioeceseos
1619 4560 1689 4602 statu
1711 4554 1732 4604 i.
1754 4554 1778 4603 2.
1811 4555 1988 4615 Ennntiatunr,

356 4652 408 4700 qno
426 4645 524 4701 septem
547 4640 689 4701 provinciae
708 4640 885 4696 nominantur,
912 4640 948 4685 sic
972 4637 1177 4686 constituendum
1202 4650 1257 4685 esse
1276 4638 1394 4686 arbitror:
1424 4640 1536 4699 ‘septem
1554 4641 1699 4700 provinciae
1716 4654 1772 4688 cnm
1791 4643 1844 4689 suis
1861 4641 1989 4689 iudicibus

357 4724 540 4787 disponantur,
562 4738 667 4787 quarum
687 4724 766 4783 Zeugi
785 4733 819 4783 et,
839 4737 904 4785 quaa
921 4724 1106 4785 proconsularis
1123 4729 1197 4770 antea
1214 4724 1355 4785 vocabatur,
1378 4722 1498 4784 Carthago
1515 4731 1542 4773 et
1559 4725 1693 4785 Byzacium
1711 4740 1739 4774 ac
1757 4726 1865 4789 Tripolis
1882 4734 1990 4775 rectores
2021 4724 2024 4729 ’

361 4810 471 4858 babeant
490 4811 646 4869 consulares,
674 4811 784 4871 reliquae
803 4822 860 4858 vero
878 4809 903 4857 ld
921 4816 961 4857 est
979 4809 1098 4857 Numidia
1122 4815 1148 4857 et
1165 4809 1321 4857 Mauretania
1345 4816 1371 4857 ct
1397 4809 1512 4858 Sardinia
1535 4825 1549 4858 a
1571 4812 1728 4872 praesidibus
1749 4826 1805 4861 cunr
1830 4813 1871 4861 del
1895 4813 1990 4861 anxilio

357 4895 552 4956 gubernentur’.
579 4896 735 4958 Quamquam
749 4895 910 4955 Zeugitanam
924 4900 950 4941 et
963 4893 1196 4953 Carthaginiensem
1215 4895 1368 4957 provinciam
1388 4902 1494 4944 secretas
1512 4910 1568 4945 esse
1587 4910 1659 4945 nemo
1677 4910 1728 4945 non
1747 4899 1885 4958 mirabitur,
1906 4904 1990 4946 tamen

356 4983 460 5030 lectioni
481 4981 573 5042 ‘Zengi
590 4988 616 5030 et
631 4980 707 5042 qnae'
727 4981 822 5029 codices
834 4994 921 5028 omnes
933 4981 969 5028 ita
982 4980 1075 5039 lavent,
1096 4986 1136 5039 ut,
1156 4993 1217 5028 num
1229 4981 1286 5028 iure
1297 4981 1378 5029 editor
1390 4982 1548 5030 doctissimus
1560 4982 1654 5030 Paulus
1667 4984 1810 5043 liudegerus
1821 4986 1990 5032 coniecturam

358 5068 450 5129 ‘Tingi
468 5073 496 5116 et
512 5068 589 5129 qnae’
609 5068 740 5128 receperit,
761 5067 924 5114 vehementer
943 5065 1065 5114 dubitem.
1104 5064 1172 5114 Satis
1183 5066 1286 5127 quidem
1300 5073 1398 5115 constat
1417 5067 1485 5128 (Cod.
1501 5069 1565 5117 lust.
1579 5067 1646 5129 127,
1661 5068 1685 5119 2.
1707 5068 1774 5118 Proc.
1789 5070 1813 5119 b.
1829 5069 1909 5118 Vand.
1926 5070 1986 5127 115)

354 5167 422 5202 anno
435 5151 485 5202 534
502 5158 559 5215 post
571 5152 700 5200 Gellamiri
718 5152 812 5199 cladem
825 5152 945 5200 lobannis
964 5153 1079 5210 armigeri
1097 5151 1262 5212 expeditione
1280 5153 1410 5200 castellum
1424 5153 1551 5217 Saeptum,
1573 5154 1639 5216 quod
1650 5168 1726 5217 prope
1740 5156 1840 5216 Tingim
1853 5155 1883 5203 ad
1896 5158 1990 5204 fretum

355 5238 509 5288 Gaditanum
521 5240 598 5287 situm
611 5242 670 5298 erat,
693 5237 847 5295 abysantiis
860 5242 1007 5298 occupatum
1021 5250 1084 5285 esse.
1120 5236 1184 5285 Cum
1198 5244 1284 5286 antem
1297 5239 1343 5286 soli
1357 5238 1417 5286 bute
1431 5240 1532 5288 castello
1550 5252 1640 5288 nomen
1661 5240 1817 5303 ‘provinciae
1829 5236 1991 5301 Tingitanae'

357 5326 468 5374 inditum
488 5326 622 5386 virumque
640 5323 795 5372 consularem
809 5323 963 5383 praetectum
976 5336 1032 5371 esse
1045 5323 1146 5372 credere
1158 5336 1291 5384 nequeam,
1311 5325 1451 5385 provinciae
1465 5324 1635 5374 Mauretaniae
1646 5326 1711 5374 banc
1722 5340 1802 5375 arcem
1814 5327 1922 5375 additam
1935 5336 1991 5375 esse

357 5412 480 5472 suspicor.
512 5410 695 5459 Proconsularis
714 5416 798 5456 autem
816 5409 943 5470 provincia
961 5409 988 5456 in
1007 5410 1147 5471 provincias
1164 5409 1227 5457 duas
1239 5409 1403 5468 Zeugitauam
1419 5417 1446 5458 et
1459 5410 1690 5472 Carthaginiensem
1707 5412 1788 5460 divisa
1805 5426 1862 5460 esse
1880 5413 1988 5461 ridetur.

445 5496 469 5559 6)
492 5496 561 5546 Stad.
583 5510 642 5545 mar.
664 5498 747 5555 magni
765 5492 782 5561 S
802 5493 850 5544 113
870 5494 961 5554 Geogr.
982 5494 1024 5543 Gr.
1046 5495 1108 5543 min.
1130 5494 1169 5543 sd.
1190 5494 1219 5543 C.
1240 5494 1347 5543 Mueller
1364 5497 1376 5543 l
1394 5510 1420 5558 p.
1439 5495 1489 5546 469
1507 5492 1579 5553 πόλις
1598 5495 1676 5564 prapd
1695 5494 1763 5547 tert·
1781 5501 1917 5565 καταφανῆ
1937 5494 1992 5567 ἔχει

355 5578 460 5654 βράχη·
479 5580 523 5634 nal
541 5578 559 5648 ἡ
577 5579 715 5651 καταγωγή
734 5579 801 5632 ἐστιν
820 5578 864 5631 tat
880 5579 913 5649 τῇ
934 5576 1009 5631 πόλει
1026 5575 1149 5636 δύσκολος
1167 5577 1243 5631 πάνυ.

445 5668 469 5731 l)
491 5668 559 5717 Proc.
580 5670 611 5717 de
629 5669 704 5717 aedil.
727 5668 762 5715 vi
780 5667 804 5716 6.

446 5752 470 5813 8)
491 5754 560 5803 Pror.
580 5755 604 5802 b.
625 5755 707 5802 Vand.
729 5755 754 5801 li
773 5752 807 5801 2³
838 5752 893 5801 Cor.
914 5753 966 5801 lob.
987 5751 1024 5799 lV
1045 5749 1069 5800 8.
1091 5751 1133 5801 dl.

445 5840 471 5899 9)
492 5840 559 5888 Proc.
581 5841 604 5888 b.
626 5839 707 5890 Vand.
729 5838 803 5887 1127
824 5832 990 5905 blupatnrtor,
1013 5834 1041 5894 ὃς
1058 5842 1109 5887 τῶν
1129 5836 1155 5888 ἐν
1174 5832 1296 5905 Βυζαντίῳ
1314 5835 1464 5907 καταλόγων
1482 5837 1571 5908 ἦρχεν.
