5030 6734
950 584 1179 640 IOHANNIDOS
1197 585 1267 639 LIB.
1289 585 1340 639 111.

722 793 763 839 en
786 774 898 859 spoliis
920 781 1070 841 oneratus
1091 773 1177 855 abit,
1202 771 1395 857 tandemque
1417 793 1566 840 reversus

722 878 856 963 proluit,
882 878 963 958 beu,
988 885 1096 944 nostro
1118 884 1280 944 concretos
1304 877 1460 961 sanguine
1483 879 1642 963 cumpos'!

807 981 887 1047 talia
909 981 1044 1048 dicentis
1067 982 1174 1048 vultus
1200 982 1233 1047 in
1255 988 1348 1065 terga
1369 979 1494 1047 retorsit

723 1102 877 1151 concussa
900 1083 1023 1150 cervice
1045 1084 1141 1151 furor.
1188 1084 1355 1168 subitoque
1377 1083 1564 1150 tremiscens

723 1187 890 1269 conticuit,
916 1193 1070 1270 vastoque
1093 1188 1135 1253 ad
1156 1194 1273 1254 terram
1296 1187 1437 1273 pondere
1458 1186 1567 1267 fluxit,

723 1297 756 1356 ct
777 1290 910 1356 dubium
932 1310 1074 1355 murmur
1095 1290 1226 1356 defessa
1246 1310 1305 1375 per
1326 1309 1399 1356 ossa
1421 1289 1568 1356 cucurrit.

614 1414 627 1451 s
724 1394 789 1476 sic,
815 1394 870 1459 ubi
892 1393 1111 1479 lymphigeros
1134 1393 1263 1460 deducit
1284 1393 1393 1460 fistula
1412 1400 1533 1460 tractus

722 1517 797 1564 aere
821 1518 916 1579 cavo,
942 1497 1082 1581 liquidus
1105 1498 1181 1563 dum
1204 1516 1333 1564 currens
1355 1498 1500 1564 funditur
1520 1498 1623 1563 amnis

723 1621 820 1667 rauca
841 1620 975 1684 sonans,
1002 1601 1153 1686 placitum
1176 1601 1204 1666 si
1226 1600 1340 1667 fluctus
1363 1601 1476 1668 sistere
1498 1600 1625 1680 ductum

722 1704 813 1770 obice
836 1710 977 1770 contorto
999 1705 1144 1788 patulum
1167 1704 1253 1770 celer
1275 1711 1343 1771 arte
1365 1705 1519 1788 magister

723 1807 858 1874 obstruit
878 1807 982 1872 amnis
1004 1807 1081 1891 iter,
1108 1814 1218 1873 remex
1240 1814 1404 1874 mouetur
1424 1827 1579 1890 aquarum

724 1910 869 1976 obicibus
892 1909 1028 1993 eleusis,
1055 1908 1098 1975 ad
1120 1909 1240 1976 fontem
1262 1910 1369 1977 refluit
1388 1911 1511 1993 amnis,

724 2021 756 2080 et
777 2013 1029 2096 reliquus‘tessa
1050 2014 1236 2081 transcurrit
1257 2014 1380 2081 mvulus
1401 2012 1501 2080 unda.

809 2117 972 2202 responsis
995 2117 1124 2182 sublata
1145 2118 1237 2183 novis
1259 2119 1441 2203 gaudetque
1464 2118 1612 2201 silstque.

723 2240 860 2303 namque
882 2219 1013 2286 humilis
1034 2240 1115 2303 gens
1135 2221 1196 2286 illa
1217 2221 1302 2286 fuit..
1335 2228 1443 2287 tamen
1465 2222 1567 2288 omnis
1588 2221 1623 2286 in
1644 2222 1734 2287 illum

724 2344 860 2410 spesque
883 2331 1049 2407 metusque
1072 2324 1144 2390 coit.
1192 2345 1317 2391 suorum
1341 2332 1532 2409 servantque
1554 2325 1742 2409 foventque,

723 2428 941 2513 promissoque
965 2427 1026 2493 sibi
1048 2426 1184 2493 latorum
1207 2449 1338 2495 munero
1360 2428 1513 2512 gaudent.

810 2531 966 2617 septimus
989 2537 1022 2596 et
1043 2529 1186 2596 decimus
1210 2539 1395 2598 nascentem
1419 2539 1600 2618 sumpserat
1620 2551 1739 2615 annus,

725 2655 796 2701 cum
819 2654 899 2719 puer
920 2633 1070 2699 infaustis
1091 2634 1233 2700 admovit
1254 2634 1387 2701 brachia
1408 2634 1512 2701 furtis.

725 2739 829 2805 Cacus
852 2743 886 2803 ut
907 2736 1075 2802 Herculeis
1097 2737 1252 2804 cariturus
1276 2739 1347 2804 luce
1370 2738 1515 2820 lacertis,

723 2840 824 2906 noctis
845 2841 910 2906 itus
932 2840 1123 2906 metuendus
1143 2840 1219 2924 init,
1245 2848 1432 2926 raptumque
1455 2841 1586 2907 retraxit

726 2945 889 3010 ductorem
911 2949 1097 3028 patremque
1119 2943 1246 3028 gregis,
1273 2945 1418 3027 colloque
1440 2944 1562 3011 levavit
1584 2971 1589 2982 ·

726 3047 862 3113 obnixus
885 3054 1077 3132 portansque
1099 3047 1227 3127 furens,
1253 3054 1286 3113 et
1307 3047 1412 3132 pergit
1432 3048 1466 3113 in
1488 3055 1625 3114 antrum.

726 3151 907 3235 strangulat
927 3150 1002 3217 inde
1024 3170 1188 3235 premens,
1215 3151 1383 3217 constricto
1406 3158 1534 3234 gutture
1556 3173 1675 3237 pugno.

726 3253 843 3320 corruit
864 3261 939 3319 ante
961 3253 1062 3339 pedes
1084 3254 1168 3320 aries
1190 3261 1368 3340 prostratus
1389 3254 1516 3337 anheli,

725 3356 852 3423 laniferi
875 3376 950 3442 spes
971 3378 1037 3423 una
1057 3358 1177 3442 gregis.
1224 3364 1301 3424 tnnc
1323 3377 1401 3424 ense
1423 3359 1569 3426 reclauso

725 3459 834 3544 diripit
855 3459 1018 3526 astrictam
1040 3480 1157 3544 magno
1180 3480 1251 3526 cum
1273 3461 1414 3546 pondere
1440 3462 1568 3547 pellem.

723 3563 848 3629 viscera
870 3564 957 3629 nuda
978 3569 1099 3649 patent.
1145 3562 1256 3629 frustis
1279 3563 1455 3630 conciditur
1475 3563 1551 3631 altis

724 3688 817 3734 omne
839 3686 955 3752 pecus,
981 3669 1184 3751 verubusque
1205 3674 1377 3734 trementes
1400 3668 1538 3734 conserit
1559 3675 1659 3736 artus.

725 3771 826 3837 uritur
846 3771 1039 3836 horrendum
1060 3769 1190 3835 flamma
1212 3777 1349 3836 torrente
1373 3771 1521 3837 cadaver.

724 3874 852 3958 ignibus
875 3874 908 3939 in
930 3872 1045 3939 mediis
1069 3873 1256 3939 semiustum
1278 3874 1385 3940 sorbet
1406 3875 1563 3941 anhelans

725 3985 757 4044 et
777 3977 939 4062 trepidus,
965 3982 1128 4059 totumque
1150 3976 1218 4042 fero
1241 3978 1439 4063 consumpsit
1459 3977 1561 4044 hiatu.

724 4089 865 4167 tempore
887 4081 952 4147 iam
975 4100 1015 4145 ex
1037 4080 1094 4145 illo
1116 4080 1223 4146 saevis
1245 4081 1433 4148 adolescere
1456 4080 1549 4148 furtis

723 4184 851 4269 incipit,
877 4184 1082 4267 obscurisque
1105 4183 1253 4251 faventes
1274 4204 1407 4270 pascere
1429 4185 1570 4270 praedis.

724 4287 880 4353 contrahit
901 4288 978 4353 inde
1000 4287 1104 4369 viros,
1130 4306 1302 4369 secumque
1325 4287 1368 4353 ad
1389 4288 1476 4353 furta
1497 4287 1656 4355 uelandus

722 4392 756 4458 in
778 4391 894 4457 mediis
915 4390 1029 4456 tacitos
1051 4390 1222 4456 exhortans
1244 4390 1291 4455 ire
1312 4390 1454 4456 tenebris

615 4538 622 4553 ι
723 4502 792 4560 arte
814 4493 921 4576 docet,
947 4500 1110 4577 totumque
1133 4493 1232 4559 trabit
1252 4493 1318 4559 iam
1341 4501 1448 4578 raptor
1472 4493 1558 4560 ovile

722 4598 850 4680 iamque
872 4604 1017 4663 armenta
1038 4596 1145 4662 bourn.
1192 4595 1353 4679 celsisque
1375 4597 1572 4664 abscondere
1594 4599 1746 4684 praedam

724 4700 883 4766 montibus
906 4700 1125 4783 abstrusisque
1149 4700 1289 4765 latebras
1313 4720 1467 4782 quaerere
1490 4701 1578 4767 saxis

725 4813 757 4871 et
778 4805 850 4870 loca
871 4810 941 4869 tnta
963 4811 1066 4889 parat.
1114 4810 1208 4889 capta
1230 4804 1397 4870 subsidere
1420 4805 1505 4871 valle

725 4907 983 4991 Vandalicasque
1006 4907 1110 4972 latens
1131 4908 1231 4974 audet
1252 4915 1408 4993 temptare
1431 4908 1623 4993 phalangas.

724 5017 859 5095 quantos
880 5011 938 5077 illc
960 5011 1075 5091 duces,
1102 5018 1237 5095 quantos
1259 5018 1461 5077 truncaverat
1483 5013 1592 5078 hostes

725 5115 891 5182 obsidione
912 5134 1061 5199 premens
1084 5114 1199 5180 mediis
1221 5113 1254 5179 in
1276 5114 1424 5180 faucibus
1446 5119 1540 5181 ense!

412 5476 459 5525 169
477 5485 592 5528 orromtus
607 5480 627 5526 Τ
722 5478 769 5528 144
787 5481 892 5528 cucurrit
906 5480 926 5527 Τ
1022 5477 1067 5529 147
1086 5481 1180 5529 tinctus
1194 5479 1282 5539 Musa,
1303 5480 1383 5528 fluxos
1400 5479 1421 5526 T
1504 5480 1595 5528 ductus
1609 5479 1634 5539 Τ,
1655 5480 1743 5528 ductos
1754 5479 1869 5528 dubitans
1881 5482 1956 5535 aas.

342 5563 387 5612 151
410 5565 538 5613 trascurrr't
559 5564 579 5611 Τ
682 5565 730 5615 154
748 5568 886 5628 tenentque
906 5566 926 5612 Τ
1032 5564 1080 5614 156
1098 5570 1239 5628 sumpserat
1254 5567 1348 5626 sepes,
1368 5572 1479 5614 senserat
1502 5565 1523 5612 Τ
1627 5565 1673 5614 158
1692 5566 1771 5614 Cacus
1790 5564 1879 5625 Muza,
1898 5583 1958 5617 cau·

340 5657 382 5699 tus
398 5649 419 5697 Τ
522 5649 570 5699 159
588 5651 640 5700 ltus
661 5652 688 5714 Τ,
709 5653 757 5700 lter
773 5651 874 5700 Luebm.
982 5651 1030 5701 160
1048 5653 1179 5713 patrisque
1194 5651 1215 5698 Τ
1321 5649 1365 5699 161
1386 5656 1518 5713 portatque
1535 5651 1649 5700 «labdone
1667 5651 1742 5700 aas.
1851 5650 1958 5702 172111-

340 5737 408 5798 cepit
430 5735 451 5782 Τ
589 5734 636 5784 173
654 5751 774 5799 suumque
794 5737 814 5783 Τ
955 5736 1002 5786 176
1021 5738 1112 5785 bonum
1133 5737 1153 5783 Τ
1271 5737 1404 5785 ascendere
1421 5736 1498 5799 preda
1517 5737 1538 5784 Τ
1674 5735 1721 5786 177
1740 5737 1917 5800 abstrusisque
1940 5739 1961 5787 Τ

344 5821 391 5871 178
408 5823 460 5870 loca
474 5823 501 5883 T,
521 5822 566 5870 lari
577 5823 642 5883 lectt,
663 5823 714 5871 lare
726 5826 822 5884 sestpstt
836 5823 911 5873 illusa.
1009 5828 1080 5886 capte
1096 5825 1116 5870 T
1129 5827 1186 5872 teste
1199 5822 1395 5872 nascamus.
1420 5824 1513 5871 llttesus
1524 5823 1630 5872 delerem
1642 5829 1670 5885 pt
1682 5838 1725 5883 eqo
1738 5823 1815 5883 leyen
1826 5826 1925 5886 nequivi

340 5914 366 5957 et
383 5909 434 5956 lare
452 5913 523 5971 capta
540 5914 610 5970 parat
626 5913 682 5956 tuta
700 5907 777 5959 aasz.
