5042 6726
539 568 618 633 vm
1238 562 1470 620 raconurvn.

542 792 684 871 Quorum
708 791 825 857 ducum
848 790 985 857 alterum
999 787 1192 854 Hadrumeti
1213 787 1376 853 resedisse
1399 807 1462 852 non
1485 793 1535 852 est
1556 786 1645 869 quod
1666 806 1834 870 negemus,
1861 787 1994 854 alterius
2017 786 2184 877 sedemjiu

542 911 656 977 limitis
677 911 782 996 ipsius
811 911 891 977 urbe
914 908 1056 994 quadam
1090 908 1232 991 munita,
1264 907 1374 973 forsan
1402 908 1437 972 iu
1466 926 1533 971 una
1562 926 1580 971 e
1610 912 1759 989 quattuor
1787 907 1870 990 illis,
1904 927 1986 991 quas
2008 908 2184 994 Procopius

544 1031 794 1115 memoravit¹⁰]‚
821 1026 922 1096 fuisse
946 1028 1105 1114 suspicari
1126 1027 1213 1093 licet.

630 1151 680 1216 De
702 1150 821 1217 finibus
842 1149 1079 1235 provinciarum
1094 1148 1319 1213 Africanarum
1342 1147 1459 1228 aetatis
1474 1146 1674 1213 Iustinianae
1696 1167 1801 1232 pauca
1824 1154 1986 1232 comperta
2008 1148 2179 1215 habemus.

545 1271 618 1336 Non
640 1271 761 1354 ubique
775 1269 955 1336 Iustiniano
977 1268 1012 1333 id
1034 1267 1121 1350 quod
1143 1268 1316 1353 expetebat
1337 1267 1523 1351 contigisse,
1549 1273 1585 1332 ut
1606 1266 1649 1331 ad
1667 1267 1748 1333 fines
1763 1275 1889 1334 veteres
1903 1268 2031 1353 imperii
2046 1268 2184 1334 Romani

543 1391 638 1456 limes
654 1389 859 1475 proferretur,
886 1395 1022 1455 constat.
1061 1387 1296 1454 Mauretaniam
1313 1387 1398 1451 enim
1414 1407 1477 1453 non
1493 1386 1700 1469 Tingitanum
1715 1393 1851 1468 tautum,
1871 1386 2041 1453 sedetiam
2058 1388 2184 1454 (laesa-

514 1542 521 1607 χ
543 1511 683 1576 riensem
697 1517 798 1576 totam
813 1516 942 1594 praeter
956 1508 1061 1594 ipsam
1078 1508 1190 1573 urbem
1206 1506 1402 1572 Caesaream
1418 1506 1523 1572 Mauri
1540 1506 1706 1589 tenebant,
1731 1514 1767 1572 ut
1788 1527 1829 1572 ne
1851 1506 1905 1571 via
1927 1507 2057 1589 quidem
2080 1507 2183 1593 pede-

427 1682 438 1697 .
513 1708 518 1726 ι
544 1631 629 1713 stris,
656 1650 720 1713 qua
735 1625 931 1695 Caesaream
945 1628 1007 1694 iter
1021 1627 1174 1710 facerent,
1200 1627 1429 1711 Byzantiorum
1444 1633 1542 1707 esset,
1564 1625 1622 1692 sed
1636 1626 1774 1692 navibus
1789 1633 1913 1692 tantum
1928 1626 2012 1693 inter
2027 1628 2111 1694 bano
2127 1648 2183 1693 ur-

544 1750 629 1833 bem,
646 1750 736 1816 cuius
751 1749 918 1815 moenibus
933 1747 1098 1832 provincia
1109 1746 1312 1813 Mauretania
1323 1752 1391 1811 tota
1405 1747 1556 1812 conclusa
1572 1753 1652 1827 erat,
1667 1753 1700 1812 et
1710 1746 1939 1830 Carthaginem
1956 1748 2180 1813 commercium

546 1869 638 1935 fieret
648 1871 700 1952 ¹¹).
731 1868 968 1934 Mauretaniam
984 1866 1169 1933 Sitifensem
1185 1885 1269 1930 anno
1284 1886 1317 1949 p.
1332 1865 1408 1930 Chr.
1422 1887 1455 1930 n.
1471 1868 1533 1929 539
1549 1865 1677 1932 Solomo
1692 1865 1885 1949 vectigalem
1901 1866 1988 1948 fecit,
2008 1887 2078 1932 cum
2096 1868 2184 1934 bello

545 2008 697 2075 prospero
720 1988 837 2055 montis
853 1986 983 2053 Aurasii
999 2006 1111 2070 regem
1126 1984 1263 2050 laudam
1279 1991 1475 2070 superasset.
1515 1984 1582 2051 Sed
1604 1986 1694 2069 regio
1715 1986 1774 2051 ilia
1797 1986 1926 2069 longius
1948 1987 2182 2071 aOartbagine

546 2109 670 2175 distem
693 2108 802 2175 nescio
821 2129 863 2173 an
878 2107 989 2192 paullo
1005 2112 1077 2190 post
1092 2105 1261 2171 Solomone
1275 2104 1443 2171 interiecto
1458 2105 1589 2190 plenam
1604 2105 1788 2172 libertatem
1803 2108 2051 2191 recuperaverit.
2085 2108 2182 2176 Cete-

546 2249 654 2295 rarum
676 2227 912 2313 provinciarum
934 2226 1037 2291 maior
1059 2244 1138 2290 sanc
1160 2243 1251 2309 pars,
1277 2245 1361 2309 quae
1383 2225 1533 2308 regiones
1556 2225 1752 2307 maritimas,
1778 2245 1876 2310 agros
1897 2228 2013 2311 planos
2036 2228 2182 2295 culturae

547 2347 733 2432 aptissimos
755 2348 916 2429 urbesque
939 2345 1006 2412 fere
1025 2363 1135 2410 omnes
1151 2345 1344 2428 continebat,
1371 2365 1391 2409 a
1406 2345 1523 2410 Poenis
1538 2352 1570 2410 et
1584 2346 1739 2410 B'omanis
1753 2366 1811 2430 per
1825 2346 1923 2430 ionga
1938 2349 2071 2414 saecula
2085 2369 2182 2416 occu-

546 2474 624 2553 pata
639 2467 806 2551 Byzantiis
821 2486 936 2552 parere
951 2485 1114 2549 nunquam
1130 2465 1300 2530 recusavit.
1340 2464 1406 2529 Sed
1421 2464 1535 2544 Mauri,
1562 2464 1618 2547 qui
1632 2465 1849 2549 asperioribus
1872 2468 2012 2533 maxime
2035 2476 2067 2535 et
2088 2490 2182 2535 mon-

545 2587 631 2653 tanis
654 2586 734 2652 locis
756 2587 882 2653 medias
904 2606 962 2671 per
984 2584 1166 2670 provincias
1189 2584 1326 2668 dispersi
1349 2585 1556 2661 babitabant,
1590 2584 1677 2650 bello
1702 2584 1872 2667 ingruente
1895 2604 1959 2650 non
1982 2587 2083 2653 semel
2106 2608 2178 2654 curu

545 2707 694 2774 barbaris
708 2706 843 2772 limitem
858 2704 1069 2789 transgressis
1083 2723 1179 2788 agros
1195 2704 1384 2789 depopulati
1399 2722 1483 2785 esse,
1505 2702 1624 2767 milites
1639 2702 1766 2768 insidiis
1781 2710 1969 2787 temptasse,
1988 2706 2065 2787 quin
2080 2708 2178 2773 etiam

547 2826 617 2892 acie
639 2827 796 2893 instructa
819 2845 890 2891 cum
913 2824 1080 2910 Byzantiis
1103 2822 1286 2890 conflixisse
1309 2824 1470 2889 ridentur.
1505 2822 1578 2886 Non
1599 2820 1695 2886 modo
1710 2822 1795 2887 ultra
1809 2821 1953 2903 limitem,
1982 2825 2040 2891 sed
2062 2827 2180 2894 mediis

547 2947 581 3011 in
603 2946 839 3031 provinciarum
861 2944 979 3010 finibus
1008 2946 1118 3010 hostes
1139 2944 1213 3009 illos
1237 2942 1332 3009 sedes
1354 2916 1525 3021 babuisse,
1560 2941 1750 3023 quibuscum
1772 2942 1861 3007 vario
1883 2943 1985 3010 Marte
2008 2945 2180 3015 iustiniani

549 3054 709 3133 exercitus
732 3085 831 3149 saepe
853 3084 944 3129 arma
967 3064 1176 3145 contulerint,
1209 3083 1281 3129 cum
1303 3062 1377 3128 aliis
1400 3082 1418 3127 e
1440 3060 1632 3128 testimoniis
1655 3062 1883 3146 comperimus,
1915 3071 1984 3130 tum
2006 3085 2024 3130 e
2047 3067 2180 3154 Corippi

549 3186 619 3251 loco
642 3205 690 3268 eo,
717 3184 875 3268 adquam
898 3182 1127 3269 explicandum
1149 3183 1214 3252 iam
1236 3190 1378 3248 nauseo.

635 3305 829 3390 Populorum
852 3304 1064 3369 Mauricorum
1086 3303 1228 3385 nomina,
1254 3300 1360 3381 sedes,
1387 3320 1492 3368 mores
1514 3299 1685 3385 indaganti
1707 3303 1816 3367 nescio
1838 3324 1879 3368 an
1902 3305 2012 3371 nulius
2034 3316 2179 3374 veterum

549 3425 639 3491 locus
661 3425 762 3510 pluris
784 3423 954 3490 faciendus
982 3423 1025 3489 sit
1044 3423 1136 3488 initio
1166 3422 1240 3491 libri
1271 3421 1403 3486 secundi
1437 3422 1479 3499 iil
1502 3424 1662 3500 ati-161)
1687 3422 1902 3506 Iohannidos,
1936 3445 1998 3508 quo
2021 3427 2180 3513 corippus

549 3552 663 3628 gentes
685 3544 825 3610 rebelles
847 3545 1054 3627 recenset¹²).
1100 3543 1215 3624 Neque
1245 3541 1330 3607 enim
1359 3540 1521 3606 nominum
1551 3561 1629 3606 casu
1651 3542 1791 3624 quodam
1815 3551 2035 3627 congestorum
2062 3547 2182 3614 mixto-

551 3683 685 3748 rumque
715 3663 911 3747 famaginem
941 3660 1094 3742 effundit,
1128 3660 1187 3728 sed
1215 3662 1270 3726 via
1299 3669 1395 3745 atque
1424 3660 1535 3726 ordine
1565 3668 1651 3727 certo
1672 3663 1850 3747 procedens
1872 3670 1986 3747 gentes
2008 3665 2178 3753 affinitate,

550 3784 699 3866 sedibus,
732 3783 874 3849 moribus
903 3782 986 3847 inter
1008 3800 1043 3847 se
1064 3781 1193 3846 iunctas
1221 3781 1459 3865 complectitur,
1493 3781 1639 3847 diversas
1662 3790 1802 3866 separat.
1848 3784 1898 3849 Ne
1921 3784 2023 3850 obiter
2050 3786 2181 3870 quidem

551 3923 664 3970 versus
693 3903 769 3968 iilos
790 3901 1014 3987 inspicientem
1036 3901 1138 3965 latere
1160 3918 1258 3984 posse
1277 3899 1428 3982 arbitror,
1461 3900 1495 3965 iu
1523 3908 1588 3966 tres
1616 3909 1723 3986 partes
1753 3922 1773 3967 a
1802 3910 1897 3988 polita
1925 3913 2039 3989 gentes
2069 3927 2184 3974 omnes

552 4023 666 4090 dividi.
715 4021 849 4087 Duobus
872 4020 958 4086 enim
981 4019 1072 4099 iocis,
1097 4025 1319 4103 postremum
1342 4022 1383 4084 84
1407 4025 1533 4104 etpost
1554 4040 1682 4085 versum
1709 4025 1779 4100 137,
1813 4025 1912 4089 oratio
1940 4026 1987 4090 ita
2016 4026 2178 4111 inciditur,

549 4150 585 4210 ut
607 4142 650 4208 ad
672 4142 771 4208 aliam
793 4148 948 4207 terrarum
972 4138 1184 4203 Mauricarum
1207 4146 1331 4223 partem
1360 4139 1497 4205 transire
1520 4140 1678 4226 Corippus
1706 4141 1863 4208 videatur.
1911 4144 1979 4209 Iam
2009 4167 2085 4212 vero
2115 4148 2183 4213 sin-

549 4264 629 4348 gula
650 4282 809 4346 quaeque,
834 4260 1036 4342 inquantum
1053 4277 1235 4343 possumus,
1260 4259 1482 4343 perquirentes
1498 4260 1593 4326 facile
1608 4261 1835 4345 intellegemus
1853 4265 1990 4349 primum
2005 4268 2037 4331 Π
2053 4272 2182 4333 28-84

639 4554 680 4617 to)
701 4556 800 4617 Procop.
822 4556 853 4603 de
872 4554 949 4604 aedit.
971 4554 1042 4604 Vld
1065 4550 1132 4604 acad
1156 4550 1184 4604 tt
1207 4552 1255 4622 τὴν
1280 4552 1414 4624 μεσόγαιαν
1439 4552 1465 4612 ἐς
1488 4559 1535 4624 τῆς
1557 4557 1645 4626 χώρας
1662 4554 1695 4608 τὰ
1714 4554 1823 4628 ἔσχατα,
1849 4555 1892 4609 ἵνα
1910 4557 1941 4627 δὴ
1961 4558 2040 4628 αὐτὴν
2060 4559 2184 4631 βάρβαροι

550 4644 714 4710 προσοικοῦσι
731 4634 902 4708 Μαοροίισιοι,
924 4637 1115 4709 ἐπιτειχίσματα
1132 4632 1192 4690 κατ’
1213 4637 1296 4690 αὐτῶν
1315 4638 1454 4709 πεποίηται
1472 4640 1649 4703 δυνατώτατα,
1671 4641 1697 4704 ἐξ
1715 4644 1750 4695 ὧν
1769 4642 1801 4713 δὴ
1821 4642 1905 4696 obsita
1923 4642 1974 4696 οῐοι
1991 4645 2020 4696 τέ
2037 4645 2084 4696 εἰσι
2100 4664 2184 4699 asra-

550 4726 607 4781 tero
625 4726 673 4795 τὴν
689 4717 828 4793 Ῥωμαίων
846 4722 938 4796 ἀρχήν.
976 4722 1063 4782 πόλεις
1086 4741 1114 4776 τε
1138 4724 1186 4793 γὰρ
1202 4723 1249 4783 τὰς
1268 4722 1380 4778 ἐνταῦθα
1398 4722 1475 4785 οὔσας
1495 4725 1522 4779 ἐν
1540 4727 1648 4800 ἐσχατιᾷ
1665 4734 1712 4797 τῆς
1729 4732 1817 4801 χώρας
1836 4729 1932 4800 ἑκάστῃ
1950 4728 2059 4800 τείχεσιν
2077 4731 2184 4803 ἐχυροῖς

549 4811 614 4883 ἄγαν
632 4809 790 4882 περιβαλὼν,
816 4807 857 4868 αῖς
881 4808 907 4862 αἱ
931 4810 1097 4880 προσηγορίαι
1115 4806 1235 4882 Μάμμης
1251 4828 1279 4863 τε
1297 4811 1340 4864 καὶ
1358 4809 1490 4882 Telesti,
1518 4808 1679 4878 Κοὺλουλις,
1704 4814 1748 4866 asi
1766 4813 1885 4885 φρούριον
1902 4815 2091 4887 τειχισάμενος,
2119 4814 2184 4885 ὅπερ

548 4897 671 4952 saloissa
690 4896 714 4949 oi
733 4897 852 4970 ἐγχώριοι
870 4891 1014 4965 Αὐμετέρα,
1035 4895 1173 4969 ἐχεχχύους
1192 4895 1304 4951 ἐνταῦθα
1322 4898 1450 4969 φρουροὺς
1469 4907 1628 4968 στρατιωτῶν
1646 4900 1828 4969 κατεστήσατο.

639 4984 679 5047 11)
701 4985 769 5034 Proc.
791 4985 816 5033 b.
838 4984 918 5032 Vaud.
938 4984 963 5031 Ii
983 4983 1017 5035 20
1035 4986 1079 5033 liu.

639 5070 678 5135 it)
700 5071 758 5119 Loei
777 5072 854 5119 totius
872 5072 1007 5131 partitione
1026 5078 1051 5120 et
1069 5085 1166 5120 conexu
1186 5085 1273 5133 parum
1290 5075 1431 5135 perspectis
1450 5074 1558 5135 primum
1571 5072 1780 5121 Mazzuceiraillns
1798 5074 1824 5119 iu
1838 5073 1955 5121 editionis
1967 5074 2183 5134 adnotationibus,

550 5159 643 5208 delude
661 5158 750 5208 Comes
767 5155 823 5206 Car.
844 5156 898 5206 Oct.
921 5157 1067 5217 Castiglioui
1087 5158 1206 5208 Mimoire
1224 5159 1409 5221 geograpbique
1428 5166 1454 5206 et
1473 5158 1671 5219 numismatique
1689 5170 1732 5206 sur
1751 5158 1775 5205 la
1793 5158 1875 5219 partie
1893 5160 2013 5207 orientale
2033 5160 2063 5208 de
2081 5161 2105 5208 ia
2124 5160 2185 5208 Bar·

551 5246 620 5293 baria
638 5244 705 5291 snivi
724 5242 756 5291 de
773 5243 920 5291 recherches
937 5257 981 5291 sur
1000 5245 1037 5293 ies
1050 5244 1156 5293 Barbara
1170 5246 1332 5307 Atiauthuee
1350 5245 1430 5293 Milan
1446 5242 1511 5292 isto
1529 5258 1556 5306 p.
1571 5241 1691 5293 til-ito
1708 5256 1797 5291 versus
1817 5244 1949 5291 nonnullos
1967 5245 2003 5292 ita
2021 5247 2185 5308 interpretari

550 5330 721 5391 conabantur,
747 5332 778 5376 ut
795 5329 904 5377 ioeornm
921 5331 987 5378 situs
1004 5332 1151 5391 gentiumne
1170 5331 1256 5379 sadum
1277 5344 1365 5391 parurn
1384 5330 1489 5389 curiosi,
1511 5330 1640 5377 nominum
1658 5327 1838 5376 similitudines
1857 5328 1921 5377 solas
1939 5336 2085 5392 captantes,
2112 5333 2185 5393 quid·

550 5415 613 5478 qnid
632 5415 801 5476 cogitantibus
818 5416 844 5462 iu
863 5421 974 5464 mentem
993 5416 1130 5475 inciderat,
1158 5418 1184 5464 lu
1203 5416 1314 5463 medium
1333 5416 1481 5476 proterrent.
1519 5413 1597 5472 Quam
1617 5413 1760 5476 explicandi
1779 5416 1900 5463 rationem
1919 5417 2032 5476 quamvis
2051 5418 2100 5465 iarn
2119 5432 2187 5467 anuo

553 5500 619 5552 isia
637 5501 845 5569 improbaverim,
870 5515 920 5563 quo
942 5507 1024 5550 totum
1043 5503 1123 5549 loerrm
1143 5503 1248 5562 eiusque
1267 5482 1417 5548 divisionem
1436 5501 1463 5547 iu
1482 5499 1590 5547 Hermae
1609 5500 1736 5548 volumine
1755 5513 1820 5548 nouo
1841 5501 1964 5562 (Beltrige
1983 5515 2026 5549 zur
2047 5502 2187 5568 Brkliruug

533 5576 604 5636 lund
623 5587 706 5636 Kritiir
724 5586 769 5634 der
786 5585 905 5636 iohannis
923 5588 968 5635 des
987 5587 1112 5650 Corippus
1131 5601 1156 5650 p.
1178 5585 1290 5647 seseq.)
1318 5587 1444 5634 iilustrare
1468 5585 1570 5644 studui,
1597 5591 1681 5633 tamen
1706 5587 1857 5647 quibusdam
1882 5587 1908 5634 lu
1931 5590 2006 5636 rebus
2029 5596 2091 5638 tuno
2114 5591 2187 5639 modo

552 5673 744 5722 Massueolreliii
767 5672 918 5721 lectionibus
936 5675 1060 5734 perversis
1078 5673 1150 5720 modo
1169 5686 1223 5719 mea
1242 5672 1346 5720 audacia
1364 5673 1390 5718 iu
1409 5684 1503 5719 errores
1521 5671 1640 5719 inductus
1659 5685 1724 5720 sum.
1761 5671 1799 5719 Ne
1817 5672 1893 5721 ulmis
1910 5673 1972 5722 haec
1990 5675 2127 5737 disputatio
2144 5677 2186 5725 in·

551 5764 683 5820 cresceret,
704 5771 751 5807 nec
769 5769 837 5805 meos
854 5758 911 5806 iilos
928 5769 1012 5818 neque
1031 5758 1139 5806 allorum
1158 5758 1323 5819 interpretum
1343 5757 1427 5819 lapsus
1445 5769 1513 5805 nune
1531 5758 1674 5817 memoravi,
1694 5757 1738 5806 sed
1757 5758 1901 5819 ubieunque
1919 5773 1958 5808 res
1971 5768 2069 5822 peracta
2081 5776 2109 5809 ao
2122 5763 2188 5812 beue

551 5844 663 5895 stabilita
680 5844 744 5893 mihi
762 5843 902 5906 ridebatur,
923 5843 1157 5904 interpretationem
1176 5855 1258 5889 veram
1276 5842 1412 5903 protulisse
1430 5844 1492 5891 satis
1510 5841 1595 5890 habui.
