5030 6734
909 559 1138 618 loflduuruos
1156 561 1227 616 LIB.
1247 560 1297 617 vl.
1321 561 1375 626 (V).

720 772 776 818 eur
796 751 929 818 timidus
952 751 1095 836 fugiam?
1136 750 1330 817 frenesiam
1353 747 1485 829 flectite,
1511 746 1609 813 eives.

720 855 809 940 figite
830 855 940 940 signa,
966 855 1037 920 viri.
1084 853 1184 922 furias
1206 852 1397 919 oontemnite
1419 852 1542 937 gentis,

722 967 754 1026 et
774 978 883 1045 pugna
903 964 1059 1043 temptate
1080 964 1196 1023 truoes.
1243 962 1299 1022 aut
1320 955 1476 1022 vincimus
1498 954 1623 1037 hostes,

721 1063 751 1130 si
772 1062 852 1129 dens
873 1062 943 1147 ipse
965 1061 1068 1141 volet;
1094 1061 1165 1143 vel,
1191 1060 1219 1126 si
1242 1059 1361 1125 delicta
1382 1058 1534 1124 resistunt

721 1167 865 1251 partibus
886 1171 981 1230 aneta
1001 1163 1101 1245 meis,
1127 1162 1255 1249 propria
1275 1182 1339 1228 non
1360 1162 1457 1228 laude
1479 1179 1642 1242 oaremus,

722 1271 797 1337 dum
819 1269 980 1336 morimur.
1025 1273 1173 1333 revooate
1194 1266 1316 1351 fugam.
1363 1266 1428 1331 iam
1451 1266 1598 1350 stringite
1619 1264 1748 1330 ferrum.
1859 1271 1862 1277 ’

721 1392 790 1456 me,
816 1371 929 1453 faeiat,
955 1370 1041 1454 quod
1062 1370 1198 1455 quisque
1219 1368 1334 1435 videt'.
1380 1368 1426 1433 sie
1449 1366 1535 1432 fatus
1557 1366 1672 1433 aoerbo

722 1474 871 1541 dentibus
892 1472 1056 1539 infremuit
1076 1473 1182 1554 vultu,
1208 1471 1420 1557 capulumque
1443 1490 1607 1538 eoruseum

721 1576 887 1663 eorripuit‚
914 1575 1121 1661 gladiumque
1142 1575 1252 1641 furens
1274 1573 1317 1640 ad
1338 1575 1474 1639 vulnera
1494 1573 1602 1639 traxit.

721 1680 764 1746 ad
785 1700 895 1747 voeem
917 1696 992 1766 pars
1015 1685 1102 1745 eerta
1123 1677 1216 1744 redit.
1262 1684 1338 1744 tuno
1359 1677 1483 1763 proelia
1504 1683 1639 1760 surgunt

721 1803 855 1870 aspera,
881 1790 915 1850 et
934 1781 1066 1848 assiduo
1088 1781 1237 1848 discurrit
1257 1782 1371 1846 lancea
1392 1779 1510 1845 nimbo.

723 1887 840 1953 lorioae
861 1888 1039 1971 galeaeque
1060 1892 1190 1968 tonant,
1215 1884 1314 1969 gemit
1334 1884 1451 1949 ietibus
1472 1884 1567 1948 umbo

723 2009 853 2073 aereus,
879 1998 912 2057 et
933 1988 1035 2075 ruptis
1056 1989 1140 2054 inter
1161 1987 1349 2074 praeoordia
1369 1986 1460 2053 venis

723 2112 916 2179 purpuream
937 2091 1077 2157 fundunt
1098 2091 1248 2157 animam.
1295 2091 1411 2157 virtute
1434 2088 1591 2174 superbus

723 2196 819 2282 Ziper
840 2196 958 2262 aoerba
978 2195 1088 2261 furens
1110 2194 1179 2261 ibat
1198 2214 1257 2280 per
1277 2194 1363 2275 tela,
1389 2213 1448 2279 per
1469 2192 1595 2274 hostes,

725 2299 852 2385 Syrtiea
872 2298 1008 2365 letiferis
1030 2304 1234 2384 prosternens
1257 2297 1389 2382 agmina
1409 2296 1494 2364 telis.

725 2411 758 2470 et
779 2401 946 2469 Solumuth
967 2401 1104 2486 pariter,
1129 2401 1196 2467 fato
1217 2400 1277 2467 sed
1297 2401 1402 2487 impar
1422 2406 1572 2484 uterque,

724 2512 854 2592 peotora
874 2504 1044 2570 multorum
1065 2510 1176 2570 eontm
1198 2504 1360 2570 venientia
1381 2503 1486 2588 longis

724 2607 939 2675 transfodiunt
959 2607 1072 2673 contis.
1117 2606 1277 2693 trepidum
1297 2608 1386 2674 ieeur
1405 2606 1518 2672 inserit
1539 2605 1632 2671 hasta

725 2731 842 2796 eorque
862 2711 977 2777 virum.
1024 2709 1145 2777 volueri
1166 2710 1292 2776 findunt
1313 2730 1394 2776 aava
1414 2717 1559 2794 tempora
1580 2708 1674 2774 ferro.

725 2815 835 2901 diripit
855 2814 913 2880 ille
934 2820 1047 2899 eaput,
1073 2833 1224 2898 magnum
1246 2813 1351 2880 lemur
1371 2819 1515 2899 amputat
1536 2812 1604 2878 ille.

725 2939 789 2985 non
810 2917 905 2984 aliter
925 2917 1070 3002 geminos
1093 2923 1272 3003 spectasses
1294 2937 1348 2983 ore
1370 2917 1481 2983 leones

726 3023 760 3088 in
781 3020 905 3087 medios
927 3021 1051 3087 saevire
1072 3040 1201 3105 greges.
1246 3040 1331 3087 nuno
1352 3021 1513 3105 unguibus
1536 3025 1626 3086 atrox

727 3124 836 3210 diripit
856 3124 909 3190 hie
929 3123 1100 3209 praedam;
1127 3144 1212 3190 nuno
1232 3124 1381 3190 dentibus
1402 3123 1459 3189 ille
1480 3122 1620 3188 eruentis

727 3227 847 3311 frangit
868 3227 966 3293 molle
986 3244 1101 3312 pecus,
1127 3227 1300 3313 tepidoque
1320 3226 1356 3291 in
1378 3225 1535 3309 sanguine
1556 3223 1688 3308 gaudet.

727 3337 761 3397 at
782 3336 873 3416 parte
896 3330 1024 3396 exalia
1046 3329 1214 3395 Bulmitnis
1236 3336 1270 3395 et
1289 3328 1430 3395 Ariarith
1452 3328 1567 3412 ingens

727 3433 919 3516 Dorotisque
941 3432 1031 3499 ferox
1052 3438 1149 3516 atque
1170 3432 1310 3516 armiger
1331 3432 1401 3518 ipse
1421 3431 1582 3498 Iohannes
1613 3412 1625 3447 ‘

729 3537 842 3604 funera
863 3557 921 3622 per
943 3536 1025 3602 latos
1048 3542 1158 3602 oonua
1178 3535 1342 3602 venientia
1363 3553 1492 3621 eampos

729 3641 861 3706 vulnere
883 3638 1061 3705 fundebant
1082 3640 1182 3705 vario.
1229 3658 1379 3704 muerone
1401 3637 1558 3723 superbus

729 3743 785 3809 ille
807 3742 900 3824 furit,
926 3743 992 3829 pilo
1014 3742 1128 3808 melior
1148 3741 1237 3808 valet
1256 3740 1376 3808 arduus
1397 3741 1471 3825 ille,

729 3845 782 3912 hie
802 3852 929 3930 torquet
949 3845 1072 3929 rigidas
1094 3863 1191 3912 nervo
1213 3844 1367 3911 stridente
1389 3843 1542 3930 sagittas,

730 3949 783 4015 hie
804 3949 910 4015 fremit
931 3955 999 4015 arte
1020 3954 1132 4035 potens
1155 3954 1189 4015 et
1208 3947 1282 4014 telis
1303 3955 1427 4034 pugnat
1448 3947 1600 4031 utrisque.

730 4052 800 4139 ipse
821 4053 905 4120 inter
925 4052 1048 4118 medios
1071 4040 1354 4118 duotormuorone
1376 4058 1521 4118 oorusoat

730 4155 901 4239 fulmineo,
927 4155 1063 4222 hostiles
1084 4174 1197 4221 aroens
1218 4162 1337 4222 terrore
1358 4155 1549 4240 phalanges.

732 4258 872 4325 earmina
893 4278 956 4324 non
977 4259 1072 4324 aliter
1094 4258 1235 4325 referunt
1255 4278 1313 4343 per
1333 4257 1421 4324 bella
1443 4258 1599 4342 Gigantes

731 4368 888 4427 armatum
909 4361 1077 4428 tremuisse
1098 4362 1225 4443 Iovem,
1252 4380 1323 4427 curn
1346 4359 1488 4425 fulminis
1510 4360 1592 4426 ictus

732 4464 880 4549 perderet
900 4463 1071 4530 horribiles
1093 4461 1241 4548 flagranti
1264 4463 1396 4529 vulnere
1417 4462 1543 4530 fratres.

817 4567 959 4634 vinceret
978 4567 1037 4633 illo
1057 4586 1190 4648 manus,
1215 4566 1249 4632 ni
1269 4573 1346 4632 tuno
1367 4566 1494 4633 fortuna
1514 4575 1666 4652 negasset

733 4689 900 4737 sueoessus
921 4670 1005 4737 uota
1025 4688 1111 4735 suos.
1157 4669 1223 4734 iam
1246 4668 1360 4737 oresoit
1380 4668 1498 4755 iniquis

732 4773 937 4840 innumerosa
958 4792 1081 4839 monus.
1129 4771 1270 4858 peditum
1293 4792 1410 4839 venere
1433 4779 1580 4839 catervae

733 4876 972 4943 Marmaridum.
1019 4875 1154 4941 densum
1177 4874 1385 4942 oireumvolat
1406 4875 1547 4960 undique
1569 4876 1687 4944 ferrum

591 5001 638 5043 see
734 4978 852 5065 stipitis
873 4986 906 5046 et
926 4977 1052 5064 gravidi
1073 4978 1186 5061 robur,
1212 4977 1401 5065 lapidesque
1422 4978 1564 5046 minaoes

610 5166 761 5173 -—.—-.-

421 5272 472 5324 624
489 5276 582 5326 teetlte
596 5275 685 5339 Mose,
705 5278 802 5325 deutera
817 5276 837 5322 Τ
924 5274 973 5324 625
991 5274 1143 5324 eontemuite
1155 5272 1241 5335 Reor„
1262 5274 1404 5323 eoueernlte
1418 5275 1448 5335 Τ,
1468 5277 1618 5325 οοηοοοηηὶῑο
1632 5275 1707 5325 Mass.
1794 5276 1843 5326 634
1862 5291 1934 5340 sapor
1947 5276 1967 5324 Τ

351 5359 401 5410 636
420 5374 507 5409 aereus
525 5360 614 5422 Musa„
640 5377 711 5412 arona
731 5362 752 5409 Τ
872 5359 922 5410 636
940 5361 1004 5422 lipar
1024 5360 1044 5406 Τ
1165 5357 1215 5408 646
1234 5360 1348 5408 sulumur
1368 5360 1389 5407 Τ
1509 5358 1559 5411 642
1577 5363 1702 5424 trepidum
1723 5362 1811 5425 Mea,
1836 5365 1925 5412 tritum
1946 5364 1967 5410 Τ

351 5444 401 5496 643
419 5447 519 5495 dudunt
535 5451 635 5509 mmet,
663 5449 774 5497 tundant
794 5448 815 5495 Τ
951 5446 1000 5496 644
1020 5459 1137 5507 magnum
1158 5444 1193 5505 Τ,
1221 5445 1330 5493 madlunr
1349 5444 1427 5495 Moza.
1567 5454 1680 5512 amputat
1698 5447 1791 5510 Mam,
1817 5449 1968 5511 lmpuootT

351 5532 402 5582 645
420 5538 559 5599 spectasses
575 5536 670 5595 Μέρη,
691 5538 827 5597 epotaturus
846 5534 874 5592 Τ,
895 5537 1052 5595 apeotasaeut
1070 5530 1147 5581 Musa.
1252 5532 1398 5595 malletis,
1423 5546 1464 5580 ora
1484 5532 1505 5579 Τ
1607 5532 1658 5583 646
1676 5549 1743 5583 nune
1759 5535 1846 5594 Besa„
1867 5539 1929 5582 tune
1950 5533 1971 5580 Τ

352 5616 402 5667 647
420 5618 587 5681 hleprasdam
599 5618 684 5681 Bella,
699 5621 742 5667 lile
754 5620 855 5683 predam
870 5619 896 5681 Τ,
911 5619 1063 5679 lllegrogem
1076 5616 1155 5669 Mosa.
1261 5616 1311 5668 649
1329 5619 1622 5668 bulmitlsetarisrthl'
1724 5620 1774 5669 656
1792 5620 1966 5682 eunomus„

351 5704 415 5751 ιοΤ
516 5703 634 5752 lohnuula
647 5704 837 5766 Maas.,sedes.
853 5704 987 5754 6111620.
1002 5703 1054 5751 ⁶30
1151 5701 1201 5753 658
1218 5705 1326 5752 oarmlne
1340 5704 1369 5766 Τ,
1384 5703 1651 5765 earmlualepr'tdluzs.
1749 5705 1799 5756 666
1817 5705 1969 5767 dogmated'

352 5787 398 5839 661
426 5789 464 5838 au
486 5803 571 5838 uerno
594 5792 621 5839 tu
641 5789 732 5838 eoduu
755 5789 825 5851 soltus
843 5789 939 5839 duodus
956 5789 993 5838 lu'a
1011 5791 1046 5837 tto
1064 5793 1181 5838 comatus
1197 5793 1245 5848 eat,
1269 5793 1298 5837 ut
1315 5792 1342 5838 tn
1359 5789 1408 5851 dae
1423 5791 1656 5851 primumdum,
1682 5794 1710 5841 la
1726 5793 1805 5852 ooptte
1821 5793 1924 5840 ulterlm
1942 5792 1968 5840 nl

352 5881 412 5924 tuuc
429 5876 572 5925 assumtus
674 5875 724 5925 662
742 5889 800 5925 suos
816 5876 904 5939 Bekis„
924 5881 980 5924 tuos
1001 5876 1022 5923 Τ
1123 5882 1218 5924 eresoet
1238 5875 1259 5922 Τ
1361 5874 1411 5924 663
1429 5876 1521 5939 pedum
1541 5875 1563 5922 Τ
1662 5875 1711 5925 664
1730 5877 1879 5926 elreouuolat
1899 5877 1919 5924 Τ
