5042 6726
1081 567 1310 626 raoonnrvn.
1480 526 1483 533 Δ
1889 571 2017 637 xxvii

380 812 450 857 rum
484 813 525 859 ex
558 792 609 857 his
646 791 782 858 duoibus
816 793 991 876 Procopius
1027 791 1123 858 etiam
1161 792 1353 859 mentionem
1390 792 1507 860 fecisse
1544 792 1688 875 videtur,
1728 792 1917 875 Mareenffi,
1958 793 2014 876 qui

380 932 464 977 anno
487 915 550 976 546
579 912 710 979 ineunte
740 911 807 978 dux
835 912 968 995 Byzaoii
997 911 1183 995 fuerat¹³⁵),
1217 919 1249 978 et
1278 911 1443 996 Gregorii,
1477 913 1532 994 qui
1561 913 1760 979 Artabanum
1789 919 1938 998 patruum
1968 912 2012 979 ad

381 1030 565 1099 Guntarithi
594 1031 726 1097 eaedem
754 1032 1026 1117 computentur).
1080 1031 1173 1096 Hune
1205 1032 1309 1097 virum
1340 1032 1381 1097 de
1410 1032 1600 1116 imperatore
1627 1033 1745 1118 optime
1774 1034 1923 1100 meritum
1953 1054 2015 1100 nu-

380 1170 468 1215 mero
495 1151 693 1235 praefectum
722 1170 795 1216 esse
823 1169 886 1215 non
915 1154 964 1214 est
994 1149 1080 1232 quod
1109 1151 1271 1216 miremur.
1316 1150 1431 1233 Neque
1460 1150 1559 1216 alium
1585 1152 1687 1217 ullum
1711 1152 1920 1236 Gregorinm,
1953 1153 2012 1219 sed

379 1269 486 1354 ipsum
507 1270 600 1335 illum
618 1268 803 1335 Armenium
826 1269 1080 1352 intellegendum
1104 1288 1187 1353 esse,
1214 1291 1231 1336 e
1255 1271 1363 1335 verbis
1386 1271 1501 1351 eluoet,
1527 1271 1644 1354 quibus
1667 1271 1737 1338 eius
1759 1273 1896 1357 patriam
1917 1281 2013 1358 poe'ta

296 1467 298 1473 ¹
379 1389 551 1455 indicavit:
921 1351 933 1378 '

793 1508 906 1573 tertius
928 1507 985 1572 ille
1008 1506 1118 1573 furens
1139 1516 1232 1593 raptu
1255 1509 1430 1593 Gregorius
1453 1510 1547 1575 hasta

793 1616 889 1693 atque
912 1610 977 1675 leri
999 1610 1103 1694 clipeo
1127 1618 1159 1676 et
1180 1612 1245 1678 telo
1268 1611 1415 1696 fulgebat
1436 1611 1550 1677 iberis.

378 1730 512 1795 Praeter
540 1729 638 1797 duoes
668 1730 726 1795 hoa
756 1749 888 1812 norem,
922 1746 1055 1813 quorum
1083 1736 1159 1812 quot
1187 1731 1321 1814 quisque
1350 1731 1505 1796 militibus
1533 1731 1743 1817 imperaverit
1771 1733 1932 1800 nescimus
1943 1738 2007 1819 ¹³⁷),

379 1849 428 1913 tir
449 1849 587 1933 insignis
610 1869 693 1915 unus
715 1856 918 1929 memoratur,
945 1849 1001 1931 qui
1023 1849 1222 1932 magistrum,
1248 1851 1339 1915 euius
1361 1870 1525 1933 nunquam
1547 1870 1611 1915 non
1638 1851 1748 1917 ‘lateri
1769 1851 1907 1935 haeret,
1933 1873 2011 1920 oon-

378 1969 452 2034 silio
474 1968 629 2035 adiuvare
652 1988 825 2050 omnesque
848 1968 975 2053 imperii
998 1968 1126 2034 labores
1148 1969 1291 2034 allevare
1315 1969 1413 2034 solet:
1441 1968 1629 2035 Reeinarius
1640 1973 1704 2051 138).
1751 1970 1815 2050 Qui
1836 1972 1944 2038 neseio
1967 1992 2009 2038 an

378 2088 517 2154 eundem
539 2089 574 2154 in
595 2074 748 2154 Iohannis
770 2087 912 2153 exercitu
934 2088 1038 2153 looum
1062 2087 1211 2170 tenuerit,
1237 2107 1332 2169 quem
1354 2087 1389 2152 in
1412 2087 1563 2153 Belisarii
1578 2088 1717 2173 Solomo,
1742 2083 1775 2163 ὃς
1797 2087 1851 2174 τήν
1874 2088 2009 2158 Balteu-

379 2209 445 2294 ρίου
468 2206 647 2297 ἐπετρόπευε
670 2206 926 2294 στρατηγίανῖθθ).
972 2207 1069 2273 Vtin
1091 2207 1177 2273 bello
1199 2206 1361 2290 laborum,
1387 2208 1432 2273 lta
1454 2214 1527 2292 post
1547 2208 1711 2275 viatoriam
1735 2217 1928 2294 reportatam
1951 2212 2011 2279 ho-

378 2348 489 2393 norum
513 2327 698 2409 eorundem,
724 2327 840 2409 quibus
861 2326 1037 2393 Iohannem
1058 2326 1233 2412 imperator
1255 2326 1425 2409 omaverit
1454 2326 1656 2393 Reoinarium
1678 2329 1866 2415 partieipem
1889 2329 2009 2397 laetum

379 2466 452 2513 esse
475 2447 688 2533 comperimus
700 2449 765 2530 ¹⁴⁰).
805 2446 854 2510 De
876 2445 973 2511 rebus
994 2451 1069 2512 ante
1091 2445 1213 2511 bellum
1235 2430 1412 2511 Mauricum
1434 2445 1548 2512 initum
1571 2467 1590 2511 a
1613 2447 1782 2514 Reoinario
1805 2451 1906 2532 gestis
1928 2451 2009 2517 nihil

379 2567 552 2633 memoriae
580 2565 740 2652 proditum
769 2572 819 2632 est
840 2564 902 2631 nisi
924 2565 1009 2630 bello
1032 2548 1160 2631 Persico
1183 2585 1257 2630 eum
1279 2564 1464 2630 interfuisse
1487 2586 1634 2648 annoque
1658 2573 1720 2631 544
1743 2589 1815 2634 oum
1837 2569 1945 2637 Persis
1968 2571 2009 2639 de

378 2706 458 2771 paee
480 2685 698 2781 componenda
721 2685 902 2769 egisseuu.
1210 2691 1215 2696 “

464 2806 615 2871 Exercitu
638 2807 780 2871 Romano
802 2824 901 2890 parvo
923 2803 1106 2870 Maurorum
1129 2822 1164 2870 se
1187 2804 1297 2889 copias
1320 2804 1469 2888 ingentes
1492 2804 1647 2870 uicturum
1671 2806 1831 2872 Iohannes
1857 2808 1911 2874 rix
1934 2829 2010 2895 spe-

378 2925 530 3008 rauisset,
563 2925 594 3016 si
614 2925 718 2989 Mauri
749 2924 893 2989 universi
921 2923 1004 2989 inter
1032 2942 1067 2989 se
1094 2923 1266 2989 oonoordes
1289 2930 1321 2988 et
1343 2922 1439 2987 fidam
1463 2922 1506 2988 ad
1528 2923 1712 2990 sotietatem
1734 2925 1835 2992 iuneti
1856 2928 2010 2995 Romanis

378 3045 499 3110 bellum
520 3045 717 3110 intulissent.
764 3042 829 3109 Sed
859 3043 893 3109 id
920 3042 1123 3128 potissimum
1145 3042 1319 3126 Byzantios
1340 3042 1487 3123 iuvabat,
1521 3043 1607 3126 quod
1628 3045 1739 3130 populi
1760 3046 1895 3131 Maurici
1917 3049 2010 3115 multi

377 3164 461 3230 inter
489 3184 525 3231 se
554 3164 693 3229 acriores
724 3183 820 3245 quam
843 3183 916 3229 oum
938 3162 1019 3248 ipsis
1041 3160 1226 3227 inimicitias
1248 3161 1442 3227 exeroebant
1463 3182 1568 3246 neque
1590 3183 1731 3248 unquam
1753 3166 1935 3233 Maurorum
1957 3189 2010 3234 re-

377 3283 447 3367 guli
469 3283 612 3363 deerant,
642 3282 698 3365 qui
721 3281 881 3348 commodi
903 3280 1072 3348 ouiuedam
1094 3278 1271 3365 arripiendi
1292 3280 1345 3345 rel
1367 3254 1435 3348 irae
1457 3282 1625 3349 satiandae
1648 3303 1706 3369 spe
1727 3284 1828 3351 illeeti
1850 3306 1922 3352 oum
1944 3289 2010 3353 Ro-

378 3403 482 3469 manis
503 3404 582 3469 belli
604 3402 757 3469 societate
779 3402 859 3468 inita
881 3401 1033 3467 finitimos
1055 3399 1311 3484 consanguineos
1334 3400 1512 3484 opprimere
1535 3422 1630 3484 quam
1654 3423 1726 3468 oum
1748 3405 1864 3470 ceteris
1886 3407 2009 3474 Mauris

377 3522 538 3587 Romanos
566 3542 755 3608 oppugnare
784 3521 928 3587 mallent.
976 3521 1022 3585 Ae
1051 3526 1126 3585 tune
1155 3519 1285 3602 quidem
1314 3519 1450 3585 Antalas
1475 3520 1658 3587 Maurorum
1681 3523 1921 3608 Byzacenorum
1950 3547 2009 3594 rex

378 3648 410 3707 et
433 3641 554 3708 dusino
576 3642 688 3727 populi
710 3640 916 3707 Mastraoiani
938 3660 1037 3725 prope
1059 3639 1232 3704 Aurasinm
1262 3646 1401 3704 montem
1431 3640 1607 3707 habitantis
1629 3641 1779 3727 princeps
1802 3645 2009 3712 acerbissimo

376 3760 462 3826 inter
483 3780 518 3826 se
541 3751 614 3826 odio
634 3761 791 3845 flagrasse
813 3760 972 3826 videntur.
1014 3760 1079 3824 Res
1100 3757 1185 3824 euim
1202 3756 1370 3823 Africanas
1393 3758 1469 3824 inde
1491 3760 1743 3827 aVaudalorum
1765 3763 1857 3846 regni
1879 3764 2008 3831 interitu

376 4100 379 4105 ⁴
467 4106 523 4170 135)
544 4108 613 4156 Proo.
633 4109 659 4156 b.
680 4107 760 4155 Vand.
781 4107 806 4155 11
825 4104 857 4156 tr
876 4084 933 4155 luit.
958 4098 1272 4173 1οἈντάλας)·ρνο·ἰιτε
1289 4096 1459 4170 Μαρτέντιον,
1486 4099 1514 4160 ὃς
1530 4109 1581 4155 τιῑιν
1601 4100 1627 4154 ἀν
1646 4098 1767 4173 Βυζαιιίῳ
1791 4103 1942 4178 καταλόγων
1959 4106 2010 4179 ἦρ-

377 4209 433 4265 χεν,
453 4191 480 4250 ἐς
497 4191 574 4261 allode
591 4209 647 4244 τινα
664 4198 714 4243 τῶν
733 4187 812 4259 ταύτῃ
831 4186 998 4258 ἐπικειμένων
1016 4190 1187 4258 ιιαταρυρεῐν,
1214 4185 1318 4257 πέμψας
1337 4184 1400 4258 παρ’
1418 4186 1510 4251 αὐτὸν,
1537 4186 1635 4259 φράσας
1658 4204 1686 4239 τε
1709 4188 1752 4241 τὸν
1770 4190 1852 4243 πάντα
1870 4189 1946 4263 λόγον
1963 4194 2008 4247 οιαὶ

377 4277 409 4329 τὰ
427 4276 503 4329 πιοτά
521 4277 590 4341 δοὺς,
609 4277 652 4329 τὸν
669 4273 806 4347 ἀνθραιιον
825 4272 977 4344 ἐπηγάγετο.
1009 4269 1169 4342 Μαριέντιος
1188 4272 1234 4340 μὲν
1253 4270 1327 4340 ἔμενε
1345 4269 1387 4332 ξὺν
1406 4271 1445 4340 τῷ
1462 4267 1573 4341 Ἀντάλρ
1591 4270 1617 4324 ἐν
1635 4273 1674 4341 τῷ
1692 4275 1863 4345 στρατοπίδῳ,
1884 4286 2008 4348 στρατῶ.

377 4380 418 4415 ται
436 4361 474 4425 ot,
494 4361 549 4415 ὅσοι
567 4361 594 4415 ἐν
612 4358 732 4430 Βυζαιάῳ
751 4357 883 4429 διατριβὴν
901 4358 984 4433 εἶχον,
1005 4356 1129 4417 εὐνοϊκῶς
1147 4356 1249 4429 βασιλεῖ
1266 4357 1379 4430 ἔχοντες,
1399 4353 1560 4428 Ἀδραρητὸν
1579 4357 1653 4410 πάλιν
1672 4357 1824 4429 ἀρύλαοεον.

466 4465 522 4529 136)
544 4467 614 4516 Proo.
639 4467 665 4515 b.
685 4464 769 4513 land.
789 4462 863 4514 1121
888 4459 974 4530 λάβρα
998 4461 1026 4513 δὲ
1053 4460 1075 4523 (ὁ
1098 4457 1266 4530 Ἀρταβάνης)
1293 4458 1393 4513 ἀνελεῖν
1417 4459 1461 4513 τὸν
1485 4456 1609 4531 Γάνβαριν
1633 4459 1799 4530 ἐβουλεύετο,
1825 4461 1956 4536 Γρηγορίῳ
1980 4485 2007 4520 τε

376 4552 414 4621 τῷ
437 4549 533 4621 ἀνεψιῷ
553 4549 597 4601 οιαὶ
614 4546 752 4619 Ἀρταοίρρ,
776 4547 813 4617 τῷ
837 4546 971 4619 δορυφόροι
994 4546 1241 4617 κοινολογησάμενοι
1264 4545 1293 4598 τὸ
1317 4543 1450 4613 βούλευμα
1472 4549 1558 4598 τοῦτο.
1596 4542 1736 4618 Γρηγάριοε
1759 4549 1786 4601 δὲ
1810 4549 1885 4603 αὐτὸν
1910 4550 1937 4610 ἐς
1958 4553 2006 4623 τὴν

377 4635 466 4705 πρᾶξιν
485 4633 581 4706 ἐνάρων
600 4632 670 4696 ἔλεξε
688 4632 773 4686 τοιάδε
792 4629 963 4702 (Ἀρταβάνῃ,
983 4636 1027 4684 νῦν
1047 4648 1087 4684 οοι
1104 4629 1208 4700 πάρεστι
1225 4629 1295 4700 μάνιρ
1313 4631 1342 4684 τὸ
1361 4625 1511 4698 Βελιοαρίου
1529 4627 1705 4700 ἀναδήσασθαι
1721 4632 1812 4692 ιιλέος’
1828 4652 1850 4685 e.
1872 4653 1896 4701 q.
1918 4654 1938 4688 ε.

466 4737 523 4801 137)
544 4738 657 4801 Prooopll
680 4737 798 4787 historiae
821 4741 991 4799 perserutatur
1015 4736 1121 4785 ducibus
1145 4736 1252 4796 singulis
1275 4736 1346 4783 modo
1371 4735 1492 4783 minorem
1510 4734 1588 4784 ‘modo
1609 4738 1725 4786 malorem
1743 4739 1854 4787 militum
1872 4754 2007 4792 numerum

364 4826 491 4901 ‘perulam
509 4837 582 4873 nemo
600 4836 650 4873 non
668 4823 809 4883 intelleget.
2018 4827 2020 4832 ⁴

467 4925 524 4987 138)
545 4925 601 4977 Gor.
622 4925 674 4975 loh.
695 4925 719 4973 ll
738 4922 883 4974 att-319.
904 4923 941 4971 lV
959 4920 1104 4974 ssa-594,
1124 4922 1173 4971 vn
1192 4920 1303 4972 23-35.

469 5028 523 5091 139)
545 5029 614 5079 Prot.
633 5030 660 5077 b.
680 5027 760 5076 Vend.
782 5028 805 5075 ll
826 5024 866 5075 ll.

468 5131 524 5193 140)
545 5131 601 5183 Gor.
621 5130 673 5182 loir.
694 5132 719 5179 11
737 5129 788 5181 315
805 5129 874 5181 hune
891 5127 968 5177 habet
985 5128 1013 5177 lu
1030 5128 1113 5177 saevio
1130 5127 1208 5177 ddum
1225 5129 1372 5189 motumque
1389 5126 1491 5189 portello

804 5221 832 5263 et
850 5215 944 5263 virtute
961 5216 1042 5262 virum
1060 5219 1088 5262 et
1105 5213 1213 5262 ditaret·
1230 5217 1316 5262 monte
1333 5214 1459 5262 leuamen.

802 5301 878 5349 illurn
897 5300 974 5348 ettam
993 5299 1100 5350 summis
1117 5299 1183 5348 vlrto
1201 5297 1312 5349 Marone
1329 5296 1466 5360 triumphis

804 5391 842 5434 tot
859 5386 949 5434 nlmlor
965 5385 1060 5445 gaudet
1076 5397 1164 5435 seeum
1181 5384 1302 5433 tolerasse
1319 5383 1416 5433 laborer

803 5469 892 5520 Martis
909 5474 935 5518 et
952 5471 983 5519 εά
1001 5483 1125 5519 summam
1142 5470 1237 5532 pariter
1255 5469 1355 5519 renim
1373 5481 1497 5518 aaronem.

467 5574 525 5637 ltu)
546 5575 614 5624 Proo.
636 5577 661 5625 b.
681 5573 751 5622 Pers.
772 5574 796 5622 11
815 5571 846 5622 tt
871 5568 1017 5641 ἀπήγγελλε
1033 5562 1191 5638 Ῥειιινάριον
1209 5568 1250 5622 ao
1267 5569 1301 5641 τῇ
1318 5569 1408 5642 εἰρήνῃ
1427 5567 1458 5622 ta
1476 5565 1615 5628 Βυζαντίου
1633 5565 1715 5636 ἥιιειν.

517 5660 573 5709 Gor.
593 5660 647 5709 Iolr.
667 5660 717 5707 Vll
735 5656 768 5707 ts
1153 5658 1225 5707 norlt
1242 5659 1312 5706 ferus
1330 5658 1413 5706 omnla
1431 5655 1519 5705 Perre·
1804 5670 1806 5675 ¹
1876 5636 1879 5647 ¹

791 5744 858 5792 tacta
875 5744 936 5803 riri,
956 5743 1102 5804 ungentum,
1122 5743 1204 5803 vires,
1225 5744 1354 5802 consulta,
1373 5743 1485 5801 labores,

792 5827 880 5877 Martie
896 5840 960 5889 opus
977 5827 1086 5889 alarum,
1106 5841 1243 5890 proauique
1261 5828 1385 5888 fidemque
1402 5826 1547 5888 benignam.
