5030 6734
900 578 1131 636 IOHANNIDOS
1150 580 1221 637 LIB.
1241 580 1305 635 vll.
1328 579 1399 644 (VI).

812 768 924 834 duetur
946 775 982 834 ut
1001 769 1177 834 innumeris
1198 766 1338 831 firmavit
1359 767 1473 831 rubera
1494 764 1625 846 turmis,

726 870 821 954 sigua
842 877 966 956 meret,
992 878 1170 955 gentesque
1192 870 1279 935 feras
1301 867 1454 935 diffundit
1475 875 1512 934 ut
1531 885 1662 948 amnes,

727 974 852 1058 proelia
873 973 955 1039 dura
976 978 1100 1058 petens.
1147 972 1271 1057 eampis
1293 970 1544 1037 Mammensibus
1566 971 1688 1035 Austur

726 1075 846 1140 rustiea
868 1072 1010 1140 funereis
1033 1074 1197 1139 sternebat
1218 1093 1351 1157 eorpora
1372 1072 1465 1155 telis,

618 1198 631 1235 a
727 1177 860 1260 Byaaeii
882 1183 1005 1261 partem
1028 1175 1157 1261 rapiens
1178 1175 1396 1261 praedamque
1418 1173 1605 1240 seeundum.

726 1280 863 1345 Antalas
886 1298 995 1345 mrsus
1017 1272 1181 1364 preprium
1203 1286 1271 1344 tum
1293 1278 1442 1344 iunxerat
1462 1296 1581 1360 agmen

726 1381 871 1467 partibus
894 1380 1058 1463 adversis,
1085 1399 1222 1463 seseque
1243 1380 1278 1445 in
1299 1380 1388 1446 bella
1410 1379 1543 1445 ferebat.

727 1484 840 1549 nuntia
861 1484 1011 1569 pennatis
1033 1490 1145 1549 ventus
1168 1484 1406 1549 transverberat
1426 1482 1506 1561 alis,

728 1587 855 1671 Syrtica
876 1593 982 1652 eastra
1004 1593 1135 1670 petens,
1161 1586 1321 1651 venientis
1343 1584 1432 1650 fama
1454 1584 1609 1665 magistri.

727 1696 843 1755 cuneta
865 1709 922 1774 per
944 1708 1000 1754 ora
1022 1690 1122 1754 velat.
1169 1688 1308 1753 tumidos
1329 1688 1423 1753 medo
1446 1686 1570 1752 territat
1591 1685 1701 1750 hostes

727 1811 844 1877 aspera
865 1793 965 1857 verba
986 1809 1124 1873 eanens,
1149 1796 1322 1873 tantasque
1344 1788 1387 1854 ad
1409 1788 1532 1873 proelia
1553 1795 1667 1871 gentes

727 1893 889 1979 praesidio
911 1894 1040 1963 venisse
1063 1894 1172 1974 (lueis,
1199 1894 1292 1959 mede
1314 1892 1451 1957 uoneitat
1471 1891 1554 1973 iras,

729 1999 806 2064 dum
827 1998 916 2063 ferus
937 1997 1085 2063 imbelles
1107 1998 1243 2063 Antalas
1265 2016 1339 2063 esse
1361 2003 1506 2062 catervas

728 2101 930 2182 Maurorum,
956 2098 1059 2181 signis
1080 2099 1135 2181 qui
1157 2117 1193 2163 se
1214 2099 1350 2164 iunxere
1371 2097 1514 2177 Latinis,

728 2209 797 2267 arte
820 2201 919 2267 refert
940 2202 1046 2267 solita.
1093 2202 1255 2267 Careasan
1278 2201 1391 2266 obvius
1413 2201 1460 2266 ire

727 2312 805 2369 tune
826 2305 928 2370 voluit
949 2303 1088 2369 fervens.
1135 2310 1266 2369 remeat
1287 2302 1466 2368 Guenfeius
1488 2301 1590 2366 bustis

729 2407 872 2472 eonsiliis
893 2407 1063 2489 verbisque
1086 2406 1216 2472 doeens.
1262 2405 1343 2471 haee
1364 2406 1496 2489 insuper
1517 2403 1619 2470 addit.

733 2510 877 2575 ‘vincere
901 2510 929 2574 si
951 2508 1079 2593 quaeris
1102 2509 1279 2591 Romanus,
1304 2508 1444 2573 maxime
1467 2512 1586 2589 tester,

729 2611 840 2696 aeeipe
862 2611 950 2676 dieta
972 2611 1094 2692 libens,
1119 2631 1203 2694 quae
1225 2611 1290 2676 sint
1310 2610 1515 2695 peragenda,
1541 2609 1665 2674 salutis.

730 2733 793 2778 nun
815 2733 896 2797 epus
918 2719 969 2778 est
988 2713 1061 2779 istis
1083 2713 1279 2779 summittere
1302 2712 1426 2797 proelia
1447 2710 1550 2775 terris.

730 2813 820 2880 furtis
841 2815 947 2880 adhue
969 2814 1063 2880 miles
1085 2815 1183 2880 nullis
1206 2834 1379 2881 eoneussus
1401 2820 1434 2878 et
1455 2831 1551 2897 asper

730 2917 837 2983 exitiis
858 2917 1026 3001 perbelle
1047 2916 1135 2983 furit.
1181 2937 1242 2983 nee
1263 2919 1365 2982 Marte
1387 2916 1530 2982 furentes

730 3018 814 3084 ferre
836 3019 953 3102 quibus
975 3019 1103 3104 pupulis
1125 3021 1244 3104 peteris
1265 3039 1326 3084 nee
1349 3025 1434 3084 stare
1457 3017 1580 3083 Lemnis

730 3127 805 3187 ante
828 3121 957 3188 famem.
1005 3122 1064 3188 sed
1086 3129 1192 3187 eastra
1212 3143 1324 3203 meve,
1351 3128 1497 3204 retroque
1520 3120 1654 3203 lugaees

730 3224 815 3307 finge
838 3225 919 3289 vias.
966 3224 1110 3306 sequitur
1130 3231 1256 3290 uestras
1279 3223 1439 3289 exereitus
1461 3223 1578 3306 ingens

730 3326 849 3411 quippe
872 3326 978 3407 fugas.
1026 3346 1235 3408 quaeeunque
1257 3326 1379 3407 virent,
1406 3325 1586 3390 attrivimus
1608 3345 1696 3391 arva.

729 3434 781 3493 ast
802 3428 852 3493 illi
873 3428 953 3492 nihil
975 3427 1158 3493 invenient:
1185 3435 1242 3493 aut
1263 3428 1426 3513 spargitur
1446 3427 1549 3493 bustis

730 3537 786 3596 aut
808 3530 894 3596 fame
917 3529 1054 3596 deficiet.
1102 3529 1172 3595 fera
1193 3537 1269 3595 turm
1291 3530 1318 3595 si
1339 3530 1463 3614 proelia
1483 3537 1639 3615 temptes,

730 3634 832 3699 vietur
854 3634 935 3713 eris,
962 3633 1124 3716 vietusque
1147 3634 1250 3698 sames
1273 3632 1455 3714 ferrumque
1477 3632 1632 3698 neeabit’.

816 3735 984 3800 eonsilium
1007 3734 1120 3801 infelix
1143 3734 1280 3820 placuit,
1308 3733 1476 3818 fessasque
1499 3735 1628 3800 levarit.

728 3836 907 3919 insequitur
928 3836 1018 3902 furtis
1040 3836 1198 3920 fugientia
1220 3843 1326 3902 eastra
1346 3836 1517 3919 magister,

728 3938 932 4021 ingeminans
954 3939 1015 4004 iter
1036 3960 1130 4005 smne
1152 3959 1255 4005 suum.
1302 3940 1368 4004 iarn
1390 3938 1554 4023 proximus
1576 3937 1660 4003 hosti

729 4041 852 4125 proelia
873 4041 1052 4125 temptabat
1072 4043 1188 4108 iuuetis
1209 4042 1406 4107 eommittere
1428 4042 1541 4125 signis.

730 4143 789 4208 sed
811 4142 887 4224 quia
909 4142 1031 4209 dueturi
1054 4144 1190 4209 needum
1213 4150 1416 4209 eoneesserat
1436 4143 1564 4224 luuram,

729 4246 855 4312 distulit
876 4265 966 4310 arma
987 4246 1068 4312 deus
1090 4246 1276 4312 melioribus
1299 4253 1378 4330 apta
1398 4244 1579 4330 triumphis.

633 4384 642 4403 ·
729 4367 867 4431 namque
889 4368 947 4432 per
969 4353 1121 4412 extensus
1142 4348 1322 4431 pergebant
1342 4346 1473 4430 agmina
1494 4366 1642 4430 eampse,

588 5284 635 5325 325

729 4450 837 4534 pulvis
859 4457 892 4515 et
913 4449 1042 4514 adversi
1064 4449 1243 4533 apparebat
1265 4450 1382 4514 eertius
1403 4448 1505 4513 bustis

730 4550 818 4615 haud
840 4552 950 4634 pmeul
973 4570 1046 4616 esse
1068 4551 1157 4615 viris.
1205 4551 1307 4616 virtus
1328 4551 1493 4616 erescebat
1514 4550 1640 4615 aeerbis

731 4652 907 4732 mentibus,
934 4659 968 4717 et
988 4673 1130 4736 pugnam
1151 4652 1218 4717 iam
1239 4652 1304 4717 iam
1326 4659 1484 4737 temptare
1506 4653 1681 4736 parabant,

731 4775 803 4819 eum
826 4755 930 4820 subito
953 4754 1111 4820 ealelaeta
1133 4754 1213 4819 dies.
1260 4776 1335 4820 narn
1357 4755 1506 4820 Phoebus
1528 4753 1654 4818 anhelis

714 4857 824 4922 >altior
843 4857 913 4921 ibat
935 4856 1044 4940 equis,
1070 4857 1177 4924 medio
1199 4857 1333 4923 libratus
1354 4857 1388 4922 in
1410 4877 1489 4937 axe,

731 4958 875 5025 vindieat
896 4958 1009 5025 umbra
1031 4958 1113 5025 duas
1134 4960 1262 5024 brevior
1283 4980 1346 5042 que
1367 4966 1510 5044 tempere
1532 4958 1670 5043 plautas.

730 5060 859 5127 Africus
880 5061 1061 5143 ignivomus
1083 5067 1248 5144 tenusque
1270 5082 1403 5128 exurere
1424 5061 1535 5127 flabris

730 5163 859 5248 insipit,
885 5170 918 5230 et
939 5163 1051 5249 populi
1074 5165 1160 5229 uires
1182 5164 1346 5247 furiasque
1368 5164 1511 5230 resolvit.

730 5263 860 5331 flamine
883 5272 997 5331 cuneta
1018 5266 1124 5348 rigent
1144 5266 1238 5350 igniti
1260 5286 1394 5350 eorpura
1415 5267 1513 5333 venti.

414 5505 1003 5569 281ruberaMuzz.‚rubureT,cs.lV889
1107 5505 1156 5555 282
1175 5513 1204 5555 ut
1224 5506 1320 5567 Musa,
1341 5508 1427 5556 ubll'
1531 5505 1580 5555 285
1599 5508 1724 5556 blsatliT
1793 5500 1878 5555 ’286
1897 5510 1970 5556 luxe-

346 5597 384 5639 rat
404 5592 425 5638 21
529 5590 578 5640 293
597 5594 705 5640 aurulam
720 5594 741 5639 Τ

347 5676 395 5724 3111
414 5682 454 5724 ast
474 5676 504 5736 T,
523 5684 568 5724 aut
587 5674 676 5735 Muza,
696 5683 723 5725 at
740 5679 761 5725 sl
781 5678 856 5727 Brlrlr.
979 5676 1029 5725 3118
1048 5683 1091 5724 aut
1109 5676 1174 5726 lame
1190 5677 1292 5726 deficiet
1312 5678 1341 5737 T,
1362 5678 1513 5739 delleletque
1531 5679 1596 5725 inme
1615 5677 1685 5724 Muza

345 5762 389 5809 bat
407 5761 494 5819 Belle,
513 5762 679 5808 tentabautT
783 5761 833 5810 311
852 5761 955 5809 uram?
1059 5760 1108 5809 315
1127 5761 1289 5825 upsaliam„
1309 5762 1398 5810 aaa?
1502 5760 1553 5810 319
1569 5762 1689 5822 pugnaY
1793 5762 1838 5811 321
1861 5763 1970 5811 exerui*

348 5845 396 5896 322
415 5847 527 5909 planetas
548 5845 568 5892 Τ
673 5845 722 5895 321
740 5847 877 5907 lneepltT
980 5845 1030 5895 323
1049 5859 1148 5908 surpere
1170 5847 1190 5892 T

424 5943 543 5985 caarrrus.

1731 5948 1761 5998 12

845 5591 893 5640 291
913 5592 1051 5640 lunsereT
1155 5591 1386 5652 bibianellum,
1405 5592 1483 5640 blsl'
1587 5593 1636 5642 3111
1656 5594 1745 5640 tarnem
1761 5592 1789 5651 Τ,
1811 5592 1966 5641 famellam.

1816 5677 1866 5725 313
1885 5684 1969 5725 tenu-
