5030 6734
1274 577 1421 635 CORIPPl

922 784 1132 849 congemuere
1155 767 1264 833 duces.
1311 768 1426 834 animis
1447 769 1481 833 in
1503 769 1627 853 proelia
1649 777 1783 852 surgunt

921 869 1096 935 indomitis.
1143 870 1234 936 dolor
1255 878 1352 954 atque
1374 872 1476 957 pudor
1498 872 1569 938 fera
1591 871 1687 938 corda
1709 873 1833 956 fatigat.

922 980 997 1037 tunc
1019 974 1155 1039 maculis
1176 973 1301 1040 tinxere
1323 994 1442 1058 genas,
1468 975 1653 1060 pallentque
1676 977 1870 1058 rubentque,

923 1096 983 1142 nec
1005 1077 1085 1143 latet
1106 1097 1160 1142 ore
1182 1078 1280 1143 furor.
1326 1085 1526 1146 cunctantem
1550 1099 1681 1164 surgere
1703 1078 1807 1144 lucem

798 1200 827 1238 oa
922 1180 987 1244 iam
1009 1180 1158 1265 cupiunt,
1184 1182 1373 1264 tardumque
1394 1181 1489 1248 iubar
1509 1183 1706 1264 Martemque
1729 1182 1903 1264 requirunt.
1936 1170 1955 1243 (ἶ
1983 1210 2004 1235 «ν
2032 1176 2038 1185 ’

1009 1284 1139 1350 caerula
1161 1285 1308 1351 sulcabat
1329 1278 1514 1371 dirumpens
1536 1272 1608 1351 luce
1621 1280 1762 1350 'corrusca

924 1387 1072 1453 Phoebus
1094 1396 1127 1453 et
1148 1398 1290 1455 errantes
1312 1390 1419 1455 radios
1440 1410 1499 1475 per
1519 1389 1632 1454 nubila
1653 1389 1783 1454 vibrans

923 1491 1046 1555 lumina
1068 1491 1272 1558 subtremulis
1295 1494 1469 1578 spargebat
1490 1492 1649 1577 lampadis
1672 1492 1799 1573 undis,

925 1594 1139 1678 surgebatque
1161 1595 1231 1660 dies
1253 1595 1379 1662 miseris
1401 1595 1602 1679 gratissimus
1624 1595 1723 1660 Afris.

924 1697 1051 1780 iamque
1075 1696 1191 1779 duces,
1217 1698 1315 1763 variis
1338 1700 1501 1764 turbantes
1525 1699 1655 1764 vocibus
1678 1718 1812 1780 agmen,

926 1801 1105 1883 urguebant
1126 1802 1286 1886 fortesque
1309 1802 1396 1867 viros
1418 1802 1584 1885 clarosque
1607 1802 1760 1867 tribunos.

925 1904 1059 1986 quisque
1082 1925 1157 1970 suos
1179 1906 1323 1971 hortatur
1344 1926 1455 1988 agens.
1503 1905 1553 1970 his
1576 1911 1682 1970 castra
1703 1924 1846 1987 movere,

925 2028 1015 2072 arma
1036 2029 1149 2094 parare
1171 2008 1299 2092 iubent,
1324 2008 1414 2074 iussa
1436 2015 1580 2093 spectare
1602 2006 1760 2089 magistri.

830 2096 834 2105 ⁸
926 2110 1020 2194 signa
1042 2111 1148 2178 ferunt
1169 2119 1344 2197 ornantque
1367 2112 1445 2195 viri,
1471 2110 1676 2195 gaudentque
1698 2117 1824 2175 tuentes

925 2233 1078 2299 prospera
1099 2215 1254 2282 discussis
1276 2215 1421 2281 ludentia
1442 2214 1574 2280 flanrina
1595 2214 1688 2280 velis.

925 2320 965 2383 at'
981 2326 1073 2403 pater
1095 2339 1271 2402 exsurgens
1293 2326 1482 2403 compuncta
1504 2325 1611 2384 mente
1633 2317 1809 2397 lohannes,

926 2420 1019 2486 corde
1042 2423 1110 2507 pio,
1135 2423 1271 2506 genibus
1293 2422 1378 2488 nixis
1400 2430 1433 2487 et
1454 2421 1575 2506 poplite
1597 2419 1698 2503 flexo,

927 2525 1113 2611 suppliciter
1134 2527 1280 2608 geminas
1301 2526 1437 2591 tendens
1460 2545 1532 2590 eum
1555 2525 1676 2590 lumine
1699 2523 1841 2608 palmas,

926 2648 981 2693 ore
1004 2649 1121 2694 canens
1143 2629 1223 2694 haee
1244 2630 1343 2694 verba
1365 2629 1473 2695 refert.
1524 2627 1600 2693 ‘tihi
1621 2628 1741 2711 gloria,
1768 2627 1912 2706 Christe,

927 2752 1050 2797 summe
1073 2752 1189 2815 parens
1210 2734 1390 2815 hominum,
1416 2732 1536 2816 linguis
1559 2739 1592 2798 et
1612 2737 1740 2816 pectore
1763 2751 1841 2815 puro

927 2835 986 2902 rite
1009 2836 1118 2919 datur,
1145 2836 1322 2920 laudesque
1344 2836 1449 2902 libens
1472 2842 1645 2919 gratesque
1668 2835 1805 2900 resolvo.

926 2961 990 3005 non
1011 2940 1110 3004 alium
1135 2940 1266 3007 laudare
1288 2940 1373 3006 volo.
1419 2948 1471 3023 tu,
1498 2939 1643 3005 conditor
1664 2938 1770 3017 orbis,

926 3050 961 3108 tu
983 3051 1096 3126 gentes
1119 3050 1151 3108 et
1172 3043 1260 3109 bella
1282 3044 1412 3125 domas,
1437 3050 1472 3109 tu
1495 3042 1632 3108 conaris
1654 3062 1744 3107 arma

926 3146 1040 3231 impia,
1067 3154 1101 3212 tu
1123 3147 1241 3212 nostris
1263 3146 1377 3212 solitus
1400 3166 1583 3212 succurrere
1605 3146 1711 3212 rebus.

801 3269 831 3309 ·s
928 3249 1037 3333 aspice
1059 3269 1231 3315 succensas
1254 3249 1343 3314 duris
1365 3249 1558 3332 agentibus
1581 3248 1695 3331 urbes,

928 3353 1141 3438 omnipotens,
1167 3373 1325 3437 agrosque
1348 3352 1434 3418 vide.
1479 3352 1545 3417 iam
1567 3351 1676 3417 nullus
1698 3358 1804 3416 arator

928 3477 1006 3522 arva
1028 3456 1112 3524 colit.
1160 3457 1309 3523 lacrimas
1331 3456 1440 3522 nullus
1462 3475 1519 3541 per
1540 3455 1662 3540 templa
1684 3450 1834 3521 sacerdos

929 3580 985 3644 pro
1007 3560 1124 3645 populo
1146 3561 1211 3625 iam
1233 3560 1317 3626 ferre
1338 3566 1454 3645 potest.
1501 3579 1639 3642 namque
1661 3558 1807 3624 hostibus
1829 3578 1939 3623 omnes

929 3664 1057 3728 vincula
1079 3664 1160 3729 dura
1180 3663 1287 3729 ferunt
1308 3662 1426 3748 palmis
1448 3669 1521 3748 post
1542 3669 1634 3745 terga
1655 3662 1816 3727 revinctis.

929 3768 1055 3852 aspice,
1083 3773 1193 3833 sancte
1215 3775 1323 3851 pater,
1349 3786 1408 3832 nec
1429 3766 1495 3831 iam
1518 3772 1574 3831 tua
1595 3766 1730 3831 fulmina
1753 3773 1888 3832 cessent.

930 3872 988 3935 sub
1011 3871 1127 3937 nostris
1149 3870 1287 3955 pedibus
1309 3871 1490 3936 Maurorum
1513 3875 1620 3935 sterne
1643 3876 1806 3951 catervas,

930 3974 1017 4058 eripe
1039 3974 1183 4058 captivos
1206 3973 1313 4039 saevis
1336 3993 1356 4038 a
1378 3972 1527 4055 gentibus
1549 3972 1662 4055 Afros,

930 4078 1151 4161 Romanosque
1173 4084 1245 4143 tuos
1267 4076 1360 4142 solite
1383 4076 1552 4141 miseratus
1574 4076 1720 4141 alumnos

929 4201 1023 4247 cerne
1045 4180 1136 4266 pius,
1162 4180 1340 4264 nostrisque
1362 4179 1476 4246 favens
1498 4180 1550 4245 fac
1572 4179 1693 4263 gaudia
1715 4180 1846 4245 luctus'.

1015 4286 1095 4351 haec
1117 4305 1296 4351 memorans
1319 4284 1460 4350 lacrimis
1483 4284 1584 4349 siccas
1606 4282 1747 4348 infundit
1767 4282 1916 4347 harenas.

930 4390 1047 4474 quippe
1070 4388 1159 4454 dolor
1180 4389 1346 4474 pietasque
1369 4395 1513 4467 movent,
1543 4394 1729 4471 mentesque
1751 4386 1908 4469 benignas

930 4493 1133 4573 conturbant,
1161 4492 1333 4574 densisque
1355 4491 1480 4575 agitant
1502 4489 1696 4574 singultibus
1718 4496 1818 4554 artus.

930 4604 965 4663 ut
985 4596 1068 4661 bene
1090 4596 1273 4680 compositis
1296 4614 1518 4660 consummans
1541 4594 1649 4659 omnia
1671 4594 1777 4658 verbis

930 4699 1095 4781 conticuit,
1121 4706 1196 4765 tuuc
1219 4700 1321 4782 surgit
1343 4720 1459 4782 ovans,
1484 4697 1633 4781 riuosque
1654 4695 1791 4762 fluentes

931 4802 1103 4869 luminibus
1125 4808 1255 4884 tergens
1277 4802 1415 4888 placidis
1437 4803 1500 4868 iam
1523 4802 1667 4868 vultibus
1688 4802 1783 4867 heros

930 4906 1076 4991 respicit,
1101 4912 1305 4989 armatasque
1327 4906 1418 4972 iubet
1439 4904 1787 4991 properare‘cohortes.

930 5010 999 5095 ipse
1022 5009 1109 5094 capit
1130 5009 1307 5092 tumulum,
1333 5030 1395 5092 quo
1419 5028 1562 5075 summus
1585 5016 1617 5075 et
1638 5007 1732 5073 altior
1754 5014 1865 5072 astans

930 5113 1063 5179 consilio
1086 5119 1215 5179 cunctos
1236 5112 1397 5179 relevaret
1417 5133 1504 5178 more
1526 5111 1700 5177 ministros.

931 5217 1124 5283 conveniunt
1145 5216 1283 5298 lectique
1306 5216 1405 5282 duces
1427 5215 1589 5298 fortesque
1611 5214 1730 5280 tribuni

615 5371 665 5447 ibt
684 5398 748 5445 lates
768 5396 789 5443 Τ
892 5393 942 5444 255
962 5398 1114 5456 martemque
1131 5393 1263 5455 requirunt
1280 5393 1374 5453 scripsi,
1396 5395 1541 5452 nottemque
1559 5391 1690 5453 requirunt
1712 5389 1740 5453 T,
1760 5395 1908 5452 noctemque
1925 5394 2056 5455 requirunt
2075 5392 2162 5455 Mum,

548 5493 696 5547 noctemque
714 5488 854 5545 queruntur
873 5482 958 5543 Haupt
973 5478 1062 5541 Opusc.
1077 5480 1183 5527 111696
1287 5476 1338 5527 258
1356 5479 1516 5526 subtremulia
1529 5477 1672 5537 Momasson,
1693 5479 1740 5525 sub
1753 5478 1866 5525 tremulis
1881 5478 1902 5524 Τ
2003 5481 2131 5544 lampades
2145 5483 2166 5530 Τ

546 5573 597 5623 262
615 5578 710 5620 ortatur
725 5570 745 5615 Τ
848 5568 898 5616 263
917 5568 1012 5614 iussum
1026 5565 1104 5615 Muza.
1210 5564 1259 5615 278
1277 5579 1320 5627 pro
1338 5564 1528 5627 populoBeklc.,
1547 5565 1639 5626 populo
1654 5565 1683 5623 Τ,
1703 5579 1758 5612 cum
1771 5563 1952 5625 populolluaz.
2058 5582 2166 5633 namque

547 5660 660 5707 hostibus
672 5659 763 5717 scripu,
784 5669 841 5703 nrm
854 5655 967 5703 noctibus
983 5653 1011 5713 Τ,
1026 5666 1082 5700 nrm
1094 5653 1204 5700 nexibus
1216 5651 1332 5700 dubitans
1345 5651 1435 5713 Musa„
1449 5665 1506 5699 nam
1518 5651 1627 5699 luctibus
1638 5649 1775 5699 Mommsen
1877 5648 1928 5699 279
1945 5653 2039 5713 palmas
2054 5654 2130 5704 Mure.

545 5745 666 5793 reuinctis
677 5744 770 5804 scripsi,
791 5743 878 5790 reuicti
896 5741 924 5799 Τ,
944 5740 1051 5788 reuincti
1064 5737 1143 5787 Mass.
1249 5738 1299 5787 250
1317 5746 1401 5785 sancte
1414 5737 1504 5799 Muza„
1525 5743 1594 5785 tanta
1611 5737 1631 5783 Τ
1732 5737 1839 5784 lulmlua
1856 5737 1883 5799 T,
1904 5739 2003 5786 flumina
2014 5740 2073 5800 lepti
2086 5740 2166 5788 liuza.

547 5829 593 5880 281
615 5828 804 5889 statuemus,
825 5827 965 5877 externrl'
1068 5824 1118 5874 288
1136 5826 1279 5886 compositis
1299 5823 1440 5883 Mommsen,
1460 5823 1648 5885 complacitus
1751 5837 1933 5885 consummans,
1953 5825 1995 5871 aad
2007 5824 2167 5873 dubitaturus

546 5917 694 5964 corrttruuurs
710 5914 834 5976 praeferat
854 5914 941 5971 Muza„
962 5893 1109 5960 consumans
1131 5911 1152 5957 Τ
1253 5908 1303 5959 ’290
1321 5924 1375 5956 eros
1398 5910 1419 5955 Τ
1520 5906 1570 5957 294
1589 5909 1695 5970 lectique
1715 5907 1804 5972 Muza,
1824 5911 1945 5969 reumque
1969 5909 1990 5956 Τ
