5042 6726
1067 527 1296 584 PRoousssvnt.
1852 527 2000 593 XXXIII

362 749 547 832 Sequuntur
560 769 673 816 versus
692 749 755 816 dno
777 750 943 816 intellectu
965 756 1031 815 tam
1054 747 1214 831 difficiles,
1240 756 1284 831 ut,
1310 770 1387 816 num
1409 770 1538 836 prorsus
1560 750 1693 834 genuini
1715 750 1849 834 sanique
1871 750 1915 816 ad
1936 769 1995 816 nos

362 868 576 953 pervenerint,
602 868 820 951 dubitem¹⁷⁶],.

673 1005 706 1070 11
729 1008 769 1071 78
791 1025 851 1072 nec
873 1011 1002 1071 cessant
1023 1005 1161 1090 populos
1182 1003 1316 1070 infausti
1339 1003 1464 1070 mittere
1487 1005 1610 1089 campi,

790 1126 870 1192 quos
892 1106 1059 1172 Talanteis
1081 1106 1189 1172 nutrix
1210 1105 1353 1191 suscepit
1373 1107 1414 1171 ab
1437 1105 1524 1171 arsis

791 1209 969 1275 Tillibaris.

364 1344 512 1411 Tillibari
534 1352 708 1411 memorata
730 1353 854 1411 mutum
876 1352 999 1412 consmt
1021 1345 1110 1411 haud
1132 1345 1227 1429 longe
1250 1344 1390 1428 aSyrtis
1412 1344 1544 1411 minoris
1566 1344 1630 1409 oris
1652 1350 1766 1429 poetae
1786 1344 1995 1428 cogitationes

364 1463 497 1531 versari.
543 1465 627 1530 Nam
656 1465 822 1531 Tillibaris
850 1465 885 1530 in
912 1464 1023 1531 limitis
1051 1464 1243 1550 Tripolitani
1270 1472 1361 1549 parte
1390 1464 1583 1530 occidentali
1612 1462 1675 1529 sita
1704 1483 1725 1529 a
1755 1462 1843 1547 Syrti
1873 1462 1994 1530 minore

365 1583 531 1649 meridiem
553 1603 666 1650 versus
688 1585 792 1670 spatio
815 1604 877 1650 non
899 1583 998 1649 nimio
1020 1583 1238 1666 distabat¹⁷⁰}.
1278 1584 1439 1649 Talantea
1453 1604 1532 1649 arva
1546 1582 1624 1649 inde
1645 1582 1734 1649 haud
1755 1582 1851 1667 longe
1873 1583 1995 1650 afuisse

365 1702 426 1768 loci
456 1703 606 1789 Oorippei
636 1723 758 1770 conexu
788 1703 897 1769 doceri
925 1702 1069 1783 videtur,
1104 1721 1175 1768 cnm
1203 1701 1370 1768 Tillibaris
1397 1702 1490 1786 quasi
1519 1701 1626 1768 nutrix
1655 1702 1830 1769 Talanteos
1858 1703 1995 1788 populos

250 1812 255 1819 ’
364 1822 528 1906 suscipere
552 1821 688 1888 dicatur.
734 1823 807 1902 Qua
829 1841 863 1887 re
885 1822 970 1887 alius
993 1821 1118 1887 castelli
1140 1821 1174 1886 in
1195 1820 1298 1888 limite
1321 1821 1519 1907 Tripolitauo
1542 1821 1650 1906 positi,
1676 1821 1906 1903 Talalatorum,
1936 1842 1996 1887 no-

365 1960 439 2005 men
461 1941 514 2008 hic
537 1942 637 2008 latere
660 1941 842 2025 suspicatus
868 1940 1076 2005 ‘Talalateis’
1100 1940 1229 2034 reposui
1240 1943 1305 2024 ¹⁷⁷).
1353 1940 1419 2005 Sed
1441 1939 1611 2023 maiorem,
1637 1959 1734 2022 quam
1756 1960 1797 2005 ex
1819 1940 1871 2006 hia
1893 1942 1996 2007 versi-

363 2059 442 2141 bus,
475 2058 612 2128 iruotum
640 2058 674 2125 in
703 2079 831 2145 pugnae
855 2058 1050 2125 Gallioensis
1072 2059 1142 2125 loco
1163 2058 1350 2142 indagando
1373 2080 1413 2124 ox
1435 2059 1493 2139 iis,
1527 2060 1583 2142 qni
1607 2059 1674 2124 iam
1697 2067 1887 2142 sequuntur,
1921 2080 1996 2146 per-

364 2179 511 2264 cipimus.

931 2296 1120 2379 iunotasque
1142 2297 1224 2362 mari
1246 2295 1401 2363 distendit
1422 2296 1562 2362 harenas

727 2399 831 2465 Marta
852 2398 930 2464 mali
952 2398 1115 2482 genetrix,
1140 2398 1249 2464 tristes
1272 2418 1352 2481 qnos
1374 2418 1504 2465 eernere
1527 2418 1657 2483 campos

725 2500 862 2566 vitasset
884 2500 1028 2566 Romana
1050 2504 1183 2579 manus,
1208 2500 1243 2565 ni
1265 2500 1334 2566 iata
1356 2500 1522 2568 dedissent

726 2602 838 2668 invida
860 2622 976 2687 saepe,
1002 2602 1095 2668 bonis
1118 2603 1210 2683 licet,
1237 2604 1350 2668 ultima
1371 2624 1518 2688 rumpere
1541 2604 1606 2668 iila.
1674 2668 1678 2675 ,

367 2740 460 2806 Certe
490 2738 610 2820 cladis,
643 2760 707 2823 qua
729 2738 890 2804 lohannes
920 2745 1096 2804 oeteromm
1125 2738 1266 2804 omnium
1296 2739 1488 2824 proeliorum
1519 2740 1621 2805 vietor
1642 2738 1803 2806 Astricum
1824 2742 1859 2806 in
1882 2741 1999 2807 linibus

367 2858 506 2924 afflictus
536 2864 603 2939 est,
636 2877 758 2924 memor
786 2865 882 2943 poeta
910 2856 969 2923 hos
998 2858 1137 2942 gemitus
1168 2857 1275 2923 mittit.
1322 2857 1403 2924 Cum
1425 2859 1528 2925 Marta
1550 2880 1571 2924 a
1593 2859 1731 2945 Corippo
1753 2860 1831 2926 mali
1853 2862 2000 2945 genetrix

366 2986 510 3059 vocetur,
537 2979 671 3060 eiusque
694 2976 854 3042 mentione
876 2997 1006 3061 pugnae
1028 2976 1117 3043 illins
1139 2976 1280 3042 infelicis
1301 2977 1456 3043 memoria
1477 2978 1666 3061 suscitetur,
1690 2978 1747 3045 vix
1769 2979 1865 3047 credo
1887 3002 2000 3064 quem-

366 3118 463 3183 qnam
486 3097 704 3163 dubitaturum
726 3115 809 3179 esse,
835 3095 913 3179 quin
935 3094 1079 3181 proxime
1101 3116 1122 3161 a
1143 3116 1273 3181 pugnae
1295 3095 1364 3163 loco
1378 3095 1483 3162 Marta
1505 3096 1633 3163 afuerit.
1674 3099 1742 3164 Iam
1758 3119 1834 3166 vero
1848 3100 1998 3182 quoniam

367 3217 503 3283 Martem
526 3237 546 3282 a
568 3218 699 3300 Tacape
726 3218 820 3298 (nunc
843 3215 985 3299 Gabes),
1018 3215 1123 3300 Syrtis
1146 3215 1278 3281 minoris
1301 3213 1418 3300 oppido
1440 3216 1624 3298 notissimo,
1658 3237 1700 3282 m.
1726 3239 1759 3303 p.
1778 3219 1810 3283 X
1832 3218 1998 3287 meridiem

366 3355 479 3403 uersus
507 3335 629 3402 afuisse
658 3356 677 3401 e
705 3335 831 3400 Tabula
858 3334 1096 3419 Peutingerana
1124 3333 1438 3420 compensasset),
1478 3335 1534 3401 nbi
1570 3356 1681 3422 pugna
1714 3336 1774 3402 illa
1802 3337 1998 3405 Gallicensis

367 3455 519 3522 Romanis
540 3454 679 3520 adversa
701 3454 872 3520 commissa
893 3453 946 3535 sit,
972 3454 1052 3519 satis
1074 3454 1273 3539 exploratum
1296 3461 1356 3519 cst.

451 3592 523 3672 Qua
544 3590 730 3676 quaestione
751 3589 922 3675 profligata
944 3590 986 3655 ad
1009 3590 1107 3655 aliam
1129 3590 1239 3676 paullo
1262 3590 1366 3675 magis
1387 3589 1570 3658 intricatam
1592 3591 1796 3659 accedamus.
1828 3593 1997 3660 Exercitus

365 3711 501 3778 Romani
522 3731 621 3796 prope
643 3710 780 3776 Martem
801 3709 878 3774 victi
899 3728 992 3794 pars,
1026 3709 1078 3775 cui
1099 3709 1263 3776 Iohannes
1291 3709 1363 3795 ipse
1390 3718 1557 3795 praeerat,
1590 3711 1623 3777 in
1652 3712 1806 3797 oppidum
1835 3712 1997 3796 quoddam

365 3852 500 3919 parvum
527 3830 667 3895 vicinum
697 3847 732 3895 ee
762 3829 964 3915 recepit¹⁷⁹)‚
997 3849 1074 3914 pars
1102 3829 1170 3894 alia
1191 3827 1271 3913 iuga
1292 3828 1438 3913 longiore
1461 3828 1495 3894 in
1517 3829 1608 3896 alind
1630 3830 1782 3917 oppidum
1804 3831 1908 3899 litoris
1930 3833 1998 3918 By·

366 3950 534 4034 zaceni¹⁸⁰)
562 3950 697 4035 abrepta
711 3954 770 4029 est,
796 3948 887 4014 euius
909 3967 1025 4014 nomen
1046 3946 1082 4014 in
1104 3946 1214 4014 codice
1237 3947 1439 4015 Trivultiano
1461 3947 1556 4014 modo
1572 3949 1653 4015 satis
1667 3950 1837 4036 perspicue
1863 3952 1994 4035 ‘uinci',

367 4070 461 4139 modo
489 4070 536 4135 ita
564 4075 599 4134 ut
627 4075 661 4134 et
689 4067 808 4134 ‘uinci’
838 4075 871 4134 et
902 4066 1020 4133 ‘iunci'
1050 4065 1118 4150 legi
1147 4067 1267 4152 possit,
1300 4074 1466 4134 exaratum
1492 4070 1617 4151 est¹⁸¹).
1665 4069 1819 4139 Similiter
1840 4071 1997 4139 Ferrandi

456 4363 512 4423 175)
534 4362 656 4410 Versibus
675 4358 717 4410 te.
739 4360 771 4409 79
789 4362 856 4408 inter
873 4374 901 4409 se
918 4360 1078 4409 commutatis
1096 4360 1188 4408 melius
1206 4362 1283 4409 oratio
1301 4360 1453 4420 procederat.

456 4457 511 4517 17111
533 4458 566 4506 lt.
587 4458 649 4504 Aut.
669 4469 696 4516 p.
717 4455 758 4517 te,
779 4455 805 4508 5.
842 4454 900 4503 Not.
920 4455 998 4515 Dign.
1019 4454 1076 4504 Oce,
1097 4454 1178 4503 XXV.

456 4551 512 4613 117)
533 4551 567 4599 lt.
587 4551 650 4599 Ant.
669 4562 696 4611 p.
716 4548 758 4598 io.
796 4548 854 4597 Not.
875 4548 951 4608 Dign.
972 4547 1030 4598 Oce.
1050 4547 1145 4596 XXXl.
1182 4548 1246 4596 ilum
1264 4548 1345 4596 locum
1364 4547 1487 4595 Talalatos
1505 4550 1631 4609 innubae,
1652 4562 1728 4611 quem
1747 4563 1812 4598 nunc
1831 4550 1897 4599 lisar
1915 4550 1996 4600 Tlaiet

367 4639 394 4686 in
412 4648 489 4697 regno
500 4635 632 4684 Tnuatano
650 4633 806 4684 meridionali
824 4634 902 4682 situm
920 4634 969 4681 riri
987 4633 1053 4682 docti
1071 4632 1240 4693 crediderunt,
1261 4633 1305 4694 qui
1324 4632 1435 4681 tabularu
1446 4633 1634 4695 geographicem
1645 4636 1747 4684 Atticae
1759 4637 1878 4697 antiquae
1891 4635 1998 4686 Franco·

367 4724 483 4785 gallicam
500 4721 700 4769 delineaverunt,
738 4717 812 4767 Carta
835 4718 867 4767 de
883 4718 1014 4780 =l'riirlque
1038 4731 1096 4767 aous
1119 4717 1143 4766 la
1167 4717 1320 4766 deminution
1344 4717 1388 4766 dea
1406 4717 1526 4765 Bomsins
1549 4717 1649 4767 diemde
1671 4733 1704 4767 sn
1723 4717 1800 4781 deptt
1816 4719 1847 4769 da
1864 4723 1890 4769 la
1907 4724 1996 4783 guerre
2035 4779 2037 4783 .

368 4808 463 4870 d'aprts
479 4807 516 4855 les
534 4811 640 4854 travaux
657 4804 689 4853 de
707 4804 742 4854 bi.
763 4804 803 4853 Fr.
824 4805 929 4852 Lacroix
947 4817 991 4866 par
1010 4803 1044 4853 li.
1066 4803 1120 4851 Nau
1138 4803 1170 4852 de
1188 4802 1350 4865 Gbamplouis
1374 4803 1444 4851 Paris
1464 4800 1540 4852 1864.
1578 4802 1629 4852 Sed
1653 4805 1712 4853 linis
1735 4805 1892 4855 coniecturae
1916 4810 1996 4856 nomi-

368 4906 432 4942 num
448 4898 548 4940 mutum
567 4890 735 4939 similitudine
753 4891 827 4939 nixas
845 4890 1006 4938 itinerarium
1024 4901 1073 4937 non
1091 4890 1168 4939 iavet.

458 4984 514 5045 178)
536 4986 598 5035 Tab.
619 4985 691 5033 Peut.
712 4997 791 5045 segm.
810 4984 845 5033 Vl
864 4984 896 5032 D.
935 4983 962 5033 Si
983 4984 1113 5032 nominum
1130 4983 1210 5044 magis
1228 4981 1391 5031 similitudini
1409 4995 1485 5043 qnam
1503 4981 1611 5030 Tabulae
1630 4983 1741 5031 numeris
1759 4984 1884 5032 confidere
1901 4985 1994 5046 liceret,

369 5073 474 5121 Martsm
493 5084 542 5120 non
560 5071 595 5130 11,
615 5070 659 5118 sed
678 5069 752 5118 XXV
769 5084 803 5118 m.
822 5084 848 5133 p.
869 5069 997 5119 meridiem
1015 5081 1103 5117 remus
1121 5082 1136 5116 a
1155 5067 1250 5130 Tacape
1269 5069 1363 5117 ainiase
1381 5068 1534 5130 suspicarer,
1555 5068 1600 5115 nbi
1618 5068 1689 5115 vicus
1706 5067 1773 5115 band
1790 5069 1899 5130 exiguos
1917 5070 1996 5120 lieret

369 5159 435 5207 altus
453 5163 500 5212 est.
522 5157 566 5219 qui
583 5157 633 5204 iam
651 5155 726 5203 medii
745 5156 800 5203 seri
818 5171 833 5204 a
850 5155 1015 5217 scriptoribus
1032 5159 1191 5203 memoratur.
1229 5153 1317 5201 Marito
1335 5152 1402 5216 apud
1421 5150 1698 5213 Substiti-st-Tthani.
1717 5152 1818 5214 voyage
1835 5153 1898 5203 dans
1916 5155 1940 5203 la
1957 5156 1996 5204 rsi-

369 5255 446 5304 gence
463 5242 495 5291 de
511 5241 602 5290 Tunia.
639 5239 727 5289 Jouru.
749 5241 829 5290 Astat.
849 5240 914 5289 serie
932 5239 964 5289 V.
985 5236 1053 5288 tima
1070 5239 1082 5287 1
1099 5251 1126 5300 p.
1147 5236 1205 5287 toi.
1244 5237 1321 5286 Marta
1339 5237 1406 5298 spud
1425 5236 1509 5286 lionis
1527 5237 1633 5286 Abmsd.
1654 5237 1816 5300 Exploration
1835 5240 1996 5302 scientiaque

368 5328 400 5375 de
412 5326 531 5389 i‘rilgtrle
542 5325 580 5373 IX
598 5325 667 5374 Paris
682 5323 748 5375 1846
761 5342 785 5389 p.
801 5325 861 5376 toi.
892 5324 1009 5375 Getarum
1028 5324 1123 5373 Martae
1140 5328 1239 5387 praeter
1256 5323 1416 5401 anonymum
1434 5322 1606 5372 Ravennmm
1624 5323 1772 5385 scriptorum
1790 5330 1904 5374 ratarum
1923 5340 1996 5375 uemo

369 5414 522 5462 mentionem
540 5412 629 5460 iarbae
647 5412 757 5469 videtur,
777 5413 826 5460 nisi
845 5412 908 5460 torte
925 5409 970 5459 boc
988 5410 1136 5472 oppidulum
1154 5410 1255 5458 uomina
1273 5401 1408 5476 Mupdapd
1425 5408 1558 5457 denotatur
1575 5410 1603 5456 in
1622 5409 1731 5471 Appiani
1748 5409 1851 5459 Punicis
1870 5410 1912 5461 55.

458 5504 513 5567 119)
535 5503 589 5555 (lor.
610 5505 664 5555 loh.
685 5504 732 5551 vn
753 5502 827 5553 1-3.

458 5599 514 5661 18111
535 5598 590 5649 Gor.
610 5600 665 5648 ioh.
687 5599 734 5647 vu
755 5597 813 5648 141).
834 5596 892 5648 331.
914 5595 974 5645 392.
994 5597 1053 5644 Vlll
1072 5595 1114 5645 20.
1135 5594 1176 5645 26.

457 5693 514 5754 1811
536 5694 592 5742 Cor.
611 5693 665 5742 Ioh.
685 5692 734 5740 Vll
753 5690 799 5742 391
821 5693 900 5741 niuei.
936 5689 986 5740 418
1004 5692 1072 5740 nicte
1090 5691 1204 5738 ensibus.
1241 5690 1291 5737 Vll
1312 5687 1368 5739 111.
1392 5687 1440 5738 ito
1459 5690 1527 5738 uinci
1544 5690 1584 5737 ael
1602 5689 1679 5736 iunci.
1718 5687 1779 5736 vni
1798 5685 1831 5737 20
1850 5689 1994 5738 uinceslbua

368 5783 408 5831 cet
425 5780 598 5830 inucensibns.

447 5878 568 5921 Coarma.
1772 5887 1788 5926 θ
