5030 6734
1307 586 1453 642 GORIPPI

1038 775 1092 840 vix
1115 795 1154 841 ea
1175 775 1261 841 fatus
1284 783 1369 841 erat:
1396 775 1505 842 densis
1527 776 1690 841 Maurusia
1713 775 1816 859 siguis

954 880 1085 963 agmina
1106 900 1164 964 per
1185 880 1267 944 latos
1288 886 1442 964 ruperunt
1462 878 1601 961 undique
1624 899 1754 964 campos

954 982 1075 1047 auxilio
1097 989 1232 1048 ventura
1253 982 1354 1047 ducis.
1401 990 1477 1048 tunc
1499 983 1624 1049 saevior
1645 1003 1735 1047 arma

951 1085 1103 1170 corripuit
1124 1087 1269 1151 Romana
1291 1105 1423 1167 manus,
1449 1086 1617 1170 fossasque
1639 1106 1697 1170 per
1718 1106 1828 1151 omnes

952 1189 1062 1255 ferrati
1084 1189 1223 1255 micuere
1245 1189 1316 1255 viri.
1363 1209 1423 1255 nec
1444 1197 1551 1275 torpor
1572 1190 1706 1255 acerbas

950 1295 1109 1378 percussit
1130 1302 1269 1377 mentes,
1295 1302 1351 1361 aut
1372 1295 1492 1361 densus
1513 1295 1624 1362 terruit
1645 1295 1757 1361 hostis.

950 1398 1009 1463 hos
1031 1405 1139 1464 tamen
1160 1406 1309 1484 aspectus
1331 1398 1450 1483 proprii
1471 1405 1633 1483 terrorque
1655 1399 1800 1483 magistri

951 1508 1047 1583 atque
1069 1520 1203 1565 monens
1224 1501 1352 1585 placido
1375 1501 1505 1587 sapiens
1527 1501 1715 1566 Recinarius
1738 1521 1791 1566 ore

950 1609 1099 1687 coeperat
1120 1603 1255 1668 attonita
1276 1605 1474 1687 restinguere
1496 1612 1601 1669 mente
1625 1604 1757 1669 furores.

950 1705 1127 1789 deposuere
1148 1706 1264 1771 minas.
1310 1706 1409 1772 tristis
1431 1706 1570 1772 discedit
1590 1707 1717 1790 Erinys.

949 1808 1107 1893 paenituit
1127 1808 1267 1875 furuisse
1289 1810 1384 1874 viros.
1432 1810 1628 1875 summittere
1651 1809 1734 1874 colla

949 1932 1034 1978 nuno
1055 1913 1171 1978 humili
1194 1933 1265 1978 oum
1287 1933 1366 1980 voce
1388 1913 1515 1995 volunt,
1541 1934 1603 1978 non
1626 1913 1776 1996 gentibus
1798 1913 1878 1995 acti,

950 2016 1008 2081 sed
1029 2037 1134 2081 rerum
1156 2037 1323 2083 memores.
1371 2017 1470 2082 movit
1491 2017 1657 2101 pietasque
1680 2017 1823 2099 fidesque

949 2119 1101 2204 principis
1123 2127 1219 2204 atque
1242 2128 1362 2201 metus,
1388 2121 1531 2203 gravitas
1554 2121 1716 2204 virtusque
1739 2120 1895 2205 magistri.

950 2231 982 2288 et
1003 2223 1140 2308 placidis
1161 2243 1315 2289 revocans
1337 2224 1525 2289 Recinarius
1547 2224 1678 2308 agmina
1698 2225 1805 2289 verbis

949 2326 1106 2411 praecipit
1127 2326 1268 2391 alternas
1291 2327 1378 2392 acies
1400 2334 1507 2392 astare
1529 2347 1700 2412 parumper

950 2450 1030 2514 pace
1053 2430 1112 2494 sub
1134 2430 1282 2514 ancipiti,
1308 2430 1502 2512 mandatque
1524 2429 1605 2495 haec
1627 2432 1724 2496 verba
1746 2430 1879 2495 Latinis.

953 2532 1108 2615 ‘cernite,
1134 2539 1210 2614 quot
1231 2540 1345 2616 gentes
1367 2553 1471 2597 rerum
1493 2533 1549 2618 pia
1569 2533 1659 2598 iussa
1680 2540 1870 2617 sequantur,

950 2643 982 2703 et
1003 2637 1125 2720 pudeat
1145 2637 1286 2702 voluisse
1307 2637 1412 2702 nefas.
1459 2637 1508 2701 sin
1530 2636 1611 2703 forte
1633 2636 1755 2722 paratis

949 2757 1065 2823 aspera
1086 2737 1173 2803 bella
1195 2737 1286 2820 sequi
1308 2745 1510 2819 mentemque
1531 2738 1665 2823 implere
1687 2737 1879 2821 malignam,

949 2840 1056 2905 dicite.
1104 2859 1310 2923 cognoscam,
1337 2860 1494 2922 quaenam
1517 2859 1667 2924 suprema
1687 2839 1836 2904 voluntas

949 2949 1056 3009 vestra
1078 2950 1203 3026 manet,
1229 2943 1331 3008 socios
1355 2943 1496 3025 salvem,
1522 2942 1698 3028 perdamne
1719 2943 1885 3009 rebelles'.

949 3066 1009 3113 nec
1030 3046 1136 3111 minus
1158 3053 1193 3111 ut
1214 3045 1336 3112 Caesar
1356 3046 1462 3112 medio
1484 3045 1688 3132 impendente
1710 3047 1845 3112 tumultu

949 3151 1107 3215 Romanos
1130 3149 1233 3233 potuit
1253 3149 1360 3216 uerbis
1382 3157 1501 3216 terrere
1524 3150 1688 3235 superbis,

948 3254 1075 3320 erubuit
1096 3253 1277 3339 stupefacta
1298 3254 1458 3339 phalanx,
1484 3253 1677 3338 humilisque
1699 3253 1888 3335 magistrum

948 3355 995 3421 sic
1016 3356 1071 3442 pia
1092 3376 1170 3422 voce
1191 3363 1295 3440 rogat.
1346 3347 1481 3441 ‘paucos
1504 3357 1592 3422 furor
1612 3355 1730 3440 impius
1753 3356 1821 3439 egit

948 3460 1008 3525 hoc
1030 3459 1162 3525 sceleris
1184 3466 1339 3544 temptare
1362 3479 1482 3543 genus,
1509 3479 1587 3544 quos
1609 3460 1695 3525 iusta
1715 3466 1867 3526 nocentes

948 3564 1026 3629 ultio
1048 3563 1109 3629 rite
1131 3570 1248 3629 manet.
1297 3571 1404 3629 sontes
1426 3583 1486 3628 sua
1507 3584 1611 3648 poena
1633 3570 1793 3648 sequatur.

947 3686 1006 3732 nos
1028 3667 1167 3733 humiles
1190 3667 1329 3733 ductoris
1351 3667 1420 3733 heri
1442 3675 1614 3754 praecepta
1636 3669 1829 3752 sequemur’.

947 3770 1007 3835 has
1027 3770 1111 3836 inter
1131 3790 1226 3836 voces
1248 3777 1394 3837 auctores
1417 3771 1558 3837 criminis
1580 3771 1690 3836 insons

946 3874 1040 3939 turba
1061 3872 1176 3955 trahit,
1201 3873 1389 3958 vinctosque
1412 3875 1485 3941 duci
1506 3895 1564 3959 pro
1586 3874 1716 3941 crimine
1738 3881 1826 3940 tanto
1871 3886 1874 3893 '

945 3974 1093 4059 tradidit,
1119 3983 1152 4041 et
1172 3977 1299 4061 culpam
1322 3977 1438 4043 devota
1459 3985 1564 4044 mente
1586 3979 1697 4063 piavit.

947 4079 1032 4144 facta
1054 4079 1146 4161 quies
1167 4080 1306 4165 populis.
1351 4081 1482 4146 sceleris
1504 4081 1645 4147 vindicta
1666 4081 1821 4160 nefandi,

947 4182 1123 4266 composuit
1144 4189 1279 4248 mentes.
1325 4182 1467 4249 ductoris
1488 4184 1590 4250 maior
1610 4186 1644 4250 in
1667 4206 1777 4251 omnes

947 4284 1022 4350 hino
1043 4293 1156 4369 gentes
1177 4292 1286 4352 terror.
1334 4285 1446 4352 sedato
1468 4287 1569 4354 milite
1592 4288 1696 4353 laetus

947 4388 1125 4472 ingreditur
1146 4389 1261 4455 fossas.
1309 4388 1426 4455 devota
1447 4397 1553 4457 mente
1575 4390 1715 4457 fatentur

946 4511 1032 4557 nunc
1052 4492 1171 4558 hilares
1194 4492 1270 4557 socii
1293 4491 1388 4558 dictis
1410 4513 1522 4577 parere
1544 4493 1693 4560 iubentis.

1032 4595 1120 4661 ilicet
1140 4594 1217 4661 inde
1238 4596 1327 4662 iubet
1349 4616 1444 4662 rauco
1467 4596 1635 4663 stridentia
1658 4604 1752 4663 cantu

839 4719 852 4757 a
947 4719 1025 4764 aera
1045 4699 1130 4764 ciere
1151 4699 1248 4764 acies.
1296 4700 1459 4765 commotis
1482 4701 1574 4766 litora
1596 4699 1699 4784 signis

948 4801 1082 4884 deserit,
1108 4808 1141 4867 et
1162 4802 1283 4886 campis
1306 4802 1414 4886 posuit
1436 4823 1495 4868 sua
1516 4810 1621 4868 castra
1643 4803 1783 4869 Catonis.

947 4904 1091 4988 Syrticus
1113 4911 1147 4970 at
1168 4911 1276 4989 raptor
1296 4906 1426 4971 munitis
1448 4912 1517 4972 tuta
1538 4907 1669 4972 tenebat

947 5015 1052 5072 castra
1073 5008 1163 5073 locis.
1209 5008 1268 5074 sed
1290 5008 1371 5074 dura
1392 5008 1495 5075 fames
1517 5009 1581 5074 iam
1604 5015 1752 5094 coeperat
1773 5028 1865 5073 omne

947 5110 1172 5176 Marmaridum
1194 5112 1322 5178 turbare
1345 5131 1458 5195 genus.
1506 5112 1656 5196 pecuaria
1678 5118 1800 5177 tantum

948 5221 1022 5278 sunt
1044 5214 1165 5298 epulis;
1191 5234 1265 5278 nam
1287 5214 1378 5280 nulla
1400 5216 1508 5281 Ocres.
1556 5215 1703 5299 cognovit
1724 5221 1759 5280 ut
1779 5214 1894 5297 ingens

948 5317 1082 5380 Romani
1103 5316 1215 5382 ductor
1234 5317 1361 5402 populi,
1388 5317 1577 5383 concludere
1600 5325 1713 5402 gentes

947 5419 1112 5484 obsidione
1134 5438 1269 5504 parans,
1296 5421 1390 5486 certis
1412 5427 1488 5486 tunc
1510 5421 1605 5503 signa
1626 5420 1740 5486 diebus

947 5523 1101 5588 abstinuit
1123 5522 1277 5606 silvisque
1299 5523 1386 5589 acies
1409 5523 1547 5590 exclusit
1568 5523 1698 5606 iniquis.

636 5732 680 5781 121
699 5733 772 5782 deuel
792 5733 812 5778 Τ
918 5731 966 5779 1311
984 5732 1112 5793 fessusque
1133 5731 1154 5777 Τ
1259 5729 1307 5779 135
1325 5732 1475 5791 restringere
1496 5731 1516 5777 Τ
1622 5732 1669 5780 136
1687 5732 1799 5781 descedit
1819 5733 1839 5778 Τ
1945 5732 1989 5783 tlt
2011 5735 2181 5782 riciuarlnaT

565 5818 613 5867 1611
632 5820 721 5867 daneta
742 5819 763 5865 Τ
888 5816 931 5866 161
954 5818 1013 5865 hinc
1031 5819 1124 5881 ratpot,
1144 5818 1176 5864 he
1197 5817 1226 5876 Τ,
1247 5819 1275 5864 111
1295 5816 1370 5864 Mara.
1495 5818 1581 5865 sedato
1599 5821 1692 5878 scripsi,
1714 5818 1757 5866 sed
1776 5832 1835 5866 acon
1857 5819 1888 5880 Τ,
1908 5819 2007 5880 quando
2024 5833 2081 5866 cum
2102 5818 2177 5867 Muza.

566 5904 612 5953 161
632 5906 754 5953 stridente
776 5905 796 5950 Τ
902 5902 950 5952 168
969 5917 1066 5950 omnem
1088 5904 1108 5949 Τ
