5030 6734
1300 589 1449 646 OORIPPI

1028 778 1173 863 plaustra
1194 787 1326 862 gemunt
1347 787 1479 847 onerata
1500 779 1580 863 viis,
1606 779 1743 864 altisque
1766 779 1900 846 camelis

944 879 1048 947 servet
1068 881 1139 948 iter.
1187 881 1306 947 ferrum
1328 883 1513 950 resonantia
1535 884 1675 950 concutit
1696 904 1784 950 aera.

944 986 1052 1052 omnia
1072 1006 1130 1071 per
1151 986 1234 1052 latos
1257 993 1444 1053 convectant
1465 987 1580 1052 horrea
1601 1006 1749 1073 campos,

943 1108 1096 1173 armaque
1118 1089 1220 1155 multa
1241 1089 1318 1154 viris
1340 1109 1427 1156 more
1449 1089 1662 1176 expendenda
1684 1090 1816 1156 Latinis.

944 1192 1072 1276 iamque
1095 1191 1193 1258 duces
1216 1192 1388 1259 hincinde
1410 1201 1506 1260 ruunt
1528 1193 1849 1277 coaequaturus,

944 1295 1154 1379 victricesque
1177 1297 1283 1362 ferunt
1304 1296 1447 1381 aquilas,
1473 1303 1570 1381 atque
1592 1297 1724 1380 agmina
1746 1298 1893 1363 densant.

1031 1398 1167 1465 mittitur
1188 1407 1220 1465 et
1242 1400 1356 1466 sollers
1379 1400 1525 1484 geminas
1548 1420 1737 1487 componere
1759 1407 1868 1486 partes

946 1502 1162 1585 Stephanides
1184 1502 1310 1568 iuvenis
1333 1503 1473 1570 discreta
1495 1510 1602 1570 mente
1624 1505 1794 1570 Iohannes.

946 1625 1084 1689 namque
1106 1605 1191 1670 inter
1213 1624 1285 1671 sese
1308 1605 1380 1672 duri
1401 1607 1466 1672 iam
1490 1607 1615 1673 semina
1635 1607 1716 1673 belli

839 1750 843 1761 ·
947 1726 1063 1773 saevus
1086 1707 1235 1773 Itisdaias
1258 1714 1291 1774 et
1312 1708 1395 1775 fidus
1418 1708 1539 1775 Cusina
1561 1709 1696 1794 sumptis

946 1818 1021 1877 tunc
1043 1811 1184 1878 habuere
1208 1811 1303 1877 odiis.
1350 1812 1472 1878 bellum
1495 1813 1558 1879 iam
1582 1813 1678 1878 corda
1701 1811 1841 1878 futurum

948 1921 1098 2000 coeperat
1118 1915 1242 1980 alterno
1266 1917 1461 1983 succendere
1483 1917 1621 1981 barbara
1642 1923 1746 1998 motu,

949 2018 1073 2083 invidia
1094 2019 1277 2102 geminante
1299 2019 1375 2085 iras.
1422 2020 1508 2087 huno
1530 2040 1607 2103 ergo
1629 2019 1785 2103 magister

950 2122 1032 2186 inter
1053 2129 1222 2205 utrumque
1245 2123 1336 2189 iubet
1356 2124 1516 2209 placidam
1539 2144 1728 2210 componere
1750 2144 1862 2209 pacem

951 2230 983 2290 et
1005 2225 1120 2290 sedare
1141 2226 1227 2291 viros
1248 2226 1402 2311 ipsasque
1425 2246 1587 2294 arcessere
1610 2235 1723 2311 gentes

951 2327 1094 2393 subsidio
1117 2348 1231 2394 rerum.
1279 2349 1339 2395 nec
1362 2329 1460 2396 duras
1483 2330 1610 2397 flectere
1632 2336 1756 2396 mentes

950 2438 1006 2497 aut
1027 2431 1151 2497 animos
1173 2432 1257 2496 alius
1280 2440 1390 2517 posset
1410 2434 1539 2518 placare
1562 2434 1694 2499 feroces.

951 2533 1004 2598 bic
1025 2539 1150 2618 poterat
1171 2534 1302 2600 rabidas
1324 2536 1431 2601 verbis
1453 2556 1677 2602 mansuescere
1700 2535 1801 2618 tigres

951 2644 1047 2720 atque
1070 2637 1155 2703 ferus
1177 2637 1265 2703 facili
1287 2639 1432 2705 mulcens
1455 2659 1600 2705 sermone
1623 2640 1732 2705 leones

844 2758 857 2797 c
952 2746 1199 2825 serpentumque
1222 2741 1342 2805 malum
1364 2740 1460 2808 dictis
1483 2762 1593 2808 arcere
1614 2762 1784 2809 venenum.

953 2842 1077 2908 distulit
1098 2842 1127 2906 is
1150 2842 1224 2908 lites
1245 2844 1371 2909 alterna
1393 2850 1483 2930 parte
1505 2843 1664 2927 furentes,

954 2945 1204 3030 compressitque
1225 2945 1319 3011 nefas
1340 2953 1373 3012 et
1393 2954 1520 3032 pactum
1542 2949 1692 3032 gentibus
1715 2947 1806 3014 auxit

954 3055 1022 3114 arte
1044 3069 1137 3113 nova.
1184 3067 1263 3132 quos
1286 3069 1384 3135 saepe
1407 3057 1527 3133 metus,
1554 3072 1633 3134 quos
1654 3051 1711 3118 ille
1732 3052 1858 3117 labores

954 3151 1039 3217 inter
1060 3157 1229 3234 utrumque
1251 3152 1340 3235 tulit,
1365 3158 1472 3219 tantas
1494 3153 1572 3220 dum
1592 3154 1734 3220 flecteret
1753 3153 1835 3219 irast

955 3275 1012 3340 pro
1034 3254 1139 3340 patria
1161 3254 1256 3322 libuit
1277 3261 1323 3321 tot
1345 3275 1446 3323 saeva
1466 3257 1610 3342 pericula
1632 3256 1727 3322 ferre.

956 3357 1133 3441 composuit
1155 3364 1286 3441 gentes,
1311 3359 1494 3443 pariterque
1516 3360 1559 3426 ad
1582 3358 1705 3445 proelia
1726 3357 1833 3423 movit.

1042 3460 1190 3526 convenit
1211 3482 1288 3543 ergo
1308 3460 1467 3545 fremens,
1492 3461 1591 3527 variis
1613 3465 1742 3524 ornatus
1764 3458 1798 3523 in
1821 3459 1934 3539 armis,

955 3562 1203 3646 innumerasque
1225 3564 1313 3630 acies
1335 3565 1517 3631 Maurorum
1538 3564 1572 3629 in
1594 3562 1717 3648 proelia
1739 3561 1850 3628 ductor

956 3666 1078 3731 Ousina
1099 3666 1183 3733 lidus
1204 3667 1282 3751 agit
1331 3669 1496 3734 commotis
1518 3667 1625 3733 omnia
1647 3665 1758 3732 cannis

956 3788 1035 3834 arva
1056 3775 1198 3853 gemunt.
1246 3770 1387 3836 solidant
1406 3771 1490 3835 latos
1511 3769 1651 3852 vestigia
1673 3789 1812 3855 campos.

955 3871 1013 3937 ille
1035 3871 1135 3938 duces
1156 3873 1300 3957 proprios
1321 3873 1452 3958 triginta
1474 3872 1583 3938 fortior
1604 3877 1724 3950 armat;

956 3980 989 4039 et
1009 3974 1156 4057 quamvis
1177 3995 1309 4040 numeru
1330 3976 1454 4041 milleni
1476 3995 1634 4058 quemque
1656 3981 1846 4058 sequantur,

956 4077 1108 4142 Romanis
1129 4077 1250 4161 gaudet
1272 4096 1344 4144 sese
1365 4085 1568 4149 tamenesse
1590 4078 1778 4161 magistrum

956 4180 1110 4246 militibus
1132 4180 1290 4265 medium,
1316 4201 1396 4264 quos
1418 4182 1566 4267 princeps
1587 4181 1746 4246 maximus
1769 4181 1855 4246 orbis

955 4283 1026 4369 ipse
1049 4283 1139 4351 dedit
1159 4284 1249 4369 pacis
1272 4285 1375 4350 socios
1398 4304 1589 4369 pugnaeque
1611 4284 1783 4350 ministros.

955 4387 1022 4454 illis
1043 4387 1144 4454 fretus
1167 4396 1251 4467 erat,
1277 4394 1452 4473 gentesque
1474 4395 1507 4454 et
1527 4388 1616 4454 bella
1638 4388 1799 4455 domabat.

1041 4490 1131 4557 venit
1151 4489 1300 4558 Ifisdaias
1321 4498 1450 4558 continu
1471 4512 1543 4557 cum
1565 4491 1695 4557 milibus
1716 4491 1851 4577 ardens,

955 4594 1085 4660 Arsuris
1107 4601 1140 4660 et
1160 4594 1243 4661 latos
1265 4594 1411 4680 implevit
1431 4600 1525 4660 tarua
1547 4614 1695 4680 campos3

956 4697 1015 4763 sed
1036 4717 1187 4763 numerus
1208 4697 1324 4765 virtute
1346 4697 1460 4764 minor.
1504 4705 1613 4763 tamen
1634 4704 1726 4764 ornat
1746 4698 1779 4763 in
1801 4699 1915 4781 armis,

956 4800 1089 4867 hostiles
1111 4800 1199 4867 acies
1220 4801 1293 4867 visu
1315 4807 1472 4886 terrente,
1498 4822 1557 4887 per
1578 4801 1688 4867 hostes

957 4904 1080 4990 proelia
1101 4903 1177 4970 dum
1199 4904 1334 4970 miscent
1357 4903 1466 4971 densis
1488 4905 1666 4990 asperrima
1687 4906 1771 4970 telis.

957 5007 1175 5090 auxiliumque
1198 5006 1288 5073 dedit
1309 5009 1405 5074 rebus
1428 5007 1603 5074 famulatus
1628 5007 1765 5089 laudas,

958 5130 1030 5176 oum
1052 5116 1128 5175 nato
1150 5110 1283 5176 comites
1304 5111 1354 5176 bis
1378 5111 1465 5177 senis
1486 5110 1617 5176 milibus
1638 5130 1777 5176 armans.

957 5212 1064 5280 omnia
1085 5220 1191 5279 casua
1212 5213 1308 5279 simul
1330 5215 1511 5300 praefectus
1533 5214 1653 5281 Bezina
1675 5212 1762 5280 ducit

813 5336 862 5379 rso
958 5315 1168 5399 conveniens,
1194 5335 1352 5401 agrosque
1374 5317 1443 5385 suis
1465 5317 1656 5404 pecuaribus
1677 5317 1801 5403 implet.

641 5560 691 5612 236
709 5562 859 5611 honentaT
928 5560 1047 5623 qucadd.
1064 5559 1141 5611 Muza.
1231 5560 1360 5611 23tlmore
1375 5563 1403 5622 Τ,
1418 5575 1474 5611 mox
1489 5560 1621 5611 Mommsen
1707 5559 1756 5610 243
1770 5561 1958 5611 sthefanldeal'
2044 5560 2093 5611 245
2107 5576 2193 5626 eump-

572 5648 711 5709 tlucrtprt,
727 5647 960 5701 supereffluenti
974 5647 1063 5707 Meas,
1084 5646 1280 5707 redcs.1V69.
1305 5648 1429 5696 V11rrro
1536 5647 1761 5696 retorrescunt
1863 5646 1914 5697 266
1931 5648 2130 5711 lslltesecn'prl,
2151 5649 2194 5697 lile

573 5738 600 5782 tr'r
614 5737 630 5785 t.
645 5748 666 5782 a.
680 5733 855 5781 illatamsnT
959 5731 1008 5782 tol
1027 5733 1144 5780 coemat*
1223 5733 1451 5793 commodem„
1465 5736 1619 5782 commmatio
1634 5733 1664 5793 Τ,
1678 5735 1852 5782 comitantibus
1867 5732 1943 5782 Maxu.
2026 5733 2191 5783 cantellum.

572 5819 623 5869 268
641 5821 760 5878 magister
780 5819 801 5865 Τ
910 5817 959 5868 273
978 5820 1071 5868 murlo
1092 5818 1122 5876 Τ,
1143 5818 1244 5866 Aurasll
1265 5817 1355 5881 Maza„
1375 5820 1482 5879 Arzugls
1500 5820 1586 5880 Haupt
1606 5817 1697 5879 Opera.
1718 5819 1764 5865 111
1779 5821 1830 5867 616
1935 5818 2052 5881 impleuit
2069 5825 2139 5868 tarua
2160 5820 2196 5879 (tu

572 5909 682 5966 moratur
700 5906 796 5967 cornua)
817 5918 915 5967 campos
936 5905 965 5964 Τ,
986 5917 1084 5967 campos
1102 5904 1238 5965 compleuit
1255 5910 1281 5953 et
1299 5918 1358 5954 arua
1377 5904 1455 5955 Musa.
1561 5902 1612 5954 274
1631 5908 1659 5952 tr‘r
1678 5910 1750 5954 ornat
1770 5905 1800 5968 Τ,
1821 5912 1890 5954 tauta
1907 5911 1979 5954 ornat
1994 5905 2081 5955 malon
