5042 6726
498 555 645 620 XXVIII
1202 550 1431 608 rsoonrrrvn.

504 795 606 861 usque
645 775 688 841 ad
716 775 870 842 Iohannis
907 777 1128 862 expeditiones
1164 794 1354 861 percurrens
1388 775 1444 839 vix
1473 794 1614 856 unquam
1643 775 1758 840 cadem
1787 795 1809 838 a
1837 782 1929 858 parte
1959 775 2017 840 hos
2046 774 2134 840 viros

505 896 634 962 stetisse
664 895 821 961 invenies.
869 896 990 962 Ousina
1018 916 1049 961 a.
1082 898 1144 960 535
1172 895 1350 961 rebellante
1378 895 1531 975 Antalas,
1568 894 1688 959 Anteia
1715 915 1737 958 a
1766 893 1936 959 Solomone
1965 893 2135 960 deficiente

504 1036 536 1081 a.
562 1020 623 1079 544
646 1015 768 1081 Casina
788 1015 942 1080 Romanis
963 1015 1061 1081 iidem
1083 1015 1233 1080 servavit.
1281 1014 1452 1080 Solomone
1475 1012 1593 1078 deinde
1614 1013 1782 1080 interiecto
1804 1014 1952 1096 quamvis
1974 1015 2135 1080 Romanas

503 1134 688 1221 provincias
715 1135 811 1201 simul
840 1141 1004 1200 vastarent
1026 1132 1151 1219 etpost
1172 1153 1315 1220 pugnam
1338 1133 1529 1199 Teeiensem
1552 1153 1617 1198 una
1639 1134 1868 1217 Carthaginem
1891 1140 2053 1219 peterent,
2085 1143 2136 1201 ta-

506 1274 581 1320 men
608 1261 684 1320 tune
712 1253 853 1319 maxime
875 1253 997 1320 Casina
1024 1254 1107 1317 eiam
1138 1273 1208 1318 eum
1231 1252 1407 1318 Ariobindo
1435 1273 1538 1335 agens
1559 1254 1698 1350 hntalue
1727 1253 1863 1319 insidias
1887 1255 2045 1338 struebat,
2078 1255 2135 1339 qui

506 1373 697 1440 Guntaritho
721 1373 910 1439 seditionem
932 1372 1058 1458 paranti
1080 1372 1286 1455 favebant.
1333 1371 1398 1438 Sed
1419 1372 1594 1438 Ariobindo
1616 1372 1790 1455 trucidato,
1825 1373 1879 1438 ubi
1909 1373 2045 1458 priunum
2068 1376 2136 1439 hn-

506 1494 592 1559 talas
616 1493 805 1559 Guntaritho
828 1492 965 1558 infestus
988 1492 1093 1556 iaetus
1116 1499 1148 1557 et
1168 1492 1370 1576 imperatoris
1392 1492 1434 1557 ad
1456 1498 1564 1576 partes
1585 1498 1807 1575 transgressus
1829 1501 1889 1574 est,
1915 1493 2022 1559 statim
2045 1493 2137 1559 Gun-

506 1611 617 1678 tarithi
647 1612 691 1678 ad
720 1612 893 1678 amicitiam
916 1611 1038 1678 Casina
1067 1631 1102 1676 se
1131 1610 1278 1675 adiunxit
1307 1622 1339 1677 et
1367 1612 1435 1677 suis
1465 1611 1566 1696 copiis
1594 1610 1831 1696 expeditionem
1853 1620 1963 1678 eontm
1984 1615 2135 1680 Antalam

506 1736 690 1816 suseeptbm
719 1732 916 1815 adinvit¹⁴³le
963 1731 1110 1814 Denique
1140 1730 1229 1795 bello
1257 1730 1340 1796 inter
1367 1719 1542 1815 Byzantios
1572 1738 1605 1796 et
1629 1730 1781 1796 Anteiam
1809 1731 1986 1799 instaurato
2015 1733 2136 1800 Casina

506 1851 660 1916 Iohannis
683 1851 829 1935 megisti
851 1850 957 1916 socius
979 1850 1154 1916 fidissimus
1175 1858 1306 1932 tamque
1329 1856 1478 1915 strennus
1500 1848 1578 1933 fuit,
1610 1859 1647 1917 ut
1671 1850 1741 1936 ipse
1767 1851 1913 1934 magistri
1935 1853 2072 1919 miiitum
2095 1855 2137 1920 ti-

506 1971 575 2035 tulo
597 1991 617 2035 a
639 1971 815 2036 iustiniauo
838 1973 1078 2053 01·naretur¹¹⁴i.
1125 1970 1258 2035 Praeter
1279 1969 1432 2036 Casinam
1454 1970 1539 2035 alins
1560 1971 1742 2036 Maurorum
1764 1991 1838 2053 rex,
1871 1970 2037 2055 Ifisdeias,
2070 1975 2137 2039 Bo-

506 2090 611 2154 manis
634 2089 807 2155 auxiliatus
830 2096 890 2155 est.
937 2088 1038 2155 Cuius
1063 2110 1198 2172 regnum
1221 2110 1415 2174 quamquam
1438 2098 1524 2155 certo
1544 2089 1672 2155 nomine
1695 2111 1715 2155 a
1738 2090 1875 2176 Corippo
1896 2111 2055 2175 nusquam
2078 2094 2137 2160 dc-

506 2214 649 2291 notatur‚
682 2216 790 2275 tamen
811 2208 845 2273 in
867 2208 1021 2274 Numidia
1044 2209 1139 2274 situm
1162 2208 1365 2292 Gusinaeque
1387 2209 1475 2291 agris
1496 2208 1663 2274 finitimum
1685 2209 1787 2276 fuisse
1809 2232 1827 2277 e
1849 2211 2044 2279 Iohannidos
2063 2212 2136 2280 loco

507 2346 545 2392 eo
568 2327 689 2410 elucet,
723 2348 786 2411 quo
808 2327 928 2393 Cusina
957 2334 990 2393 et
1011 2326 1160 2393 Ifisdaias
1188 2329 1270 2393 inter·
1299 2348 1333 2393 se
1364 2328 1585 2393 discordantes
1614 2328 1737 2394 bellum
1758 2351 1890 2416 parasse
1912 2330 2132 2417 iemntur¹⁴⁵].

507 2447 576 2511 Iam
598 2426 698 2531 igitur
718 2467 790 2512 eum
812 2446 933 2511 Casina
954 2452 987 2511 et
1008 2444 1168 2529 lfisdaias,
1193 2447 1366 2512 Numidiae
1388 2466 1494 2529 reges,
1521 2447 1746 2531 Byzantiorum
1767 2450 1953 2533 apartibus
1976 2453 2131 2537 steterint,

508 2566 589 2631 satis
610 2574 755 2651 apparet,
781 2566 836 2649 qui
857 2566 976 2630 iactum
1000 2565 1055 2647 sit,
1083 2573 1117 2631 ut
1138 2566 1172 2631 in
1193 2567 1376 2631 Maurorum
1399 2566 1549 2650 gentibus
1572 2567 1748 2634 rebellibus
1770 2571 1976 2637 recensendis
1999 2592 2020 2637 a
2041 2580 2136 2657 potita

508 2685 681 2751 Numidiae
705 2686 963 2770 septentrionalis
984 2705 1089 2767 neque
1111 2687 1250 2770 populus
1273 2687 1359 2751 ullus
1381 2706 1486 2768 neque
1509 2686 1682 2771 oppidum,
1712 2687 1888 2755 Numidiae
1916 2690 2138 2757 meridionalis

508 2825 549 2870 ea
578 2813 701 2872 tantum
730 2826 825 2892 pars,
858 2825 942 2888 qnae
963 2805 1085 2870 laudae
1106 2805 1235 2869 Aurasii
1258 2805 1374 2871 montis
1403 2805 1472 2889 regi
1501 2815 1644 2891 pareret,
1676 2817 1905 2875 memoraretur
1914 2813 1979 2895 ¹⁴⁶).
2026 2812 2135 2878 Aede

507 2927 651 2991 exercitu
673 2925 826 2991 Iohannis
854 2924 988 3006 eiusque
1017 2924 1149 2990 auxiliis
1179 2925 1258 2990 haec
1287 2925 1452 2990 haetenus.
1500 2925 1594 2992 Nunc
1623 2926 1664 2993 de
1693 2928 1789 2994 rebus
1815 2929 1856 2994 ab
1880 2950 1917 2996 eo
1939 2931 2041 3015 gestis
2062 2932 2137 2998 bre-

506 3044 589 3110 viter
610 3046 771 3129 agendum
791 3052 854 3110 est.

594 3165 768 3248 Byzacium
797 3184 869 3230 eum
896 3164 1072 3230 innumeris
1093 3163 1274 3241 Maurorum
1297 3163 1520 3247 praedantium
1541 3166 1654 3231 turmis
1680 3170 1925 3253 vexaretur¹⁴⁷l,
1957 3172 2041 3237 hane
2062 3192 2137 3257 pro-

509 3282 649 3348 vinciam
673 3283 867 3367 Carthagine
889 3283 1050 3368 profectus
1072 3282 1231 3348 Iohannes
1254 3283 1443 3368 peritiam).
1475 3285 1670 3358 ‚Nauromm
1693 3286 1870 3371 legatione,
1904 3310 1987 3374 quae
2016 3291 2059 3356 ad
2082 3311 2138 3356 ca·

599 3558 655 3620 142)
677 3559 746 3609 Pron.
766 3561 791 3609 b.
812 3558 893 3608 Vand.
914 3560 939 3607 II
958 3557 990 3609 25
1012 3554 1174 3627 Ἀρεόβινδος
1193 3558 1296 3629 πέμψας
1315 3558 1384 3628 παρὰ
1401 3560 1444 3613 τὸν
1463 3555 1590 3620 Κουζίναν
1607 3558 1692 3631 λα’ίίρα
1710 3559 1819 3630 ἔπρασσε
1838 3561 1974 3632 προδοσίας
1992 3564 2058 3634 stips.
2095 3564 2138 3617 aul

510 3639 569 3694 ὅτε
588 3638 714 3703 Koddinou
733 3640 909 3713 ὡμολόγησεν,
929 3640 1031 3695 inerter
1050 3643 1077 3696 ἐν
1095 3644 1134 3713 τῴ
1151 3642 1217 3716 ἔργῳ
1235 3645 1368 3714 γένωνται,
1388 3643 1430 3698 tal
1446 3663 1475 3697 τε
1494 3641 1617 3699 ’Auadioi
1634 3644 1679 3698 aui
1692 3642 1871 3715 Μαυρουσίους
1888 3649 1948 3708 τοὺς
1966 3648 1996 3701 ἐκ
2008 3647 2136 3709 Badation

509 3726 693 3799 spanhemius.
712 3756 748 3767 —
765 3727 890 3798 ἀλλήλοις
908 3728 937 3780 δὲ
954 3728 1034 3800 ἄμφω
1053 3728 1173 3798 πολέμιοί
1190 3748 1217 3782 rs
1235 3730 1279 3783 sul
1296 3730 1428 3798 δυσμενεῖς
1444 3736 1501 3791 ταῖς
1519 3733 1632 3803 γνώμαις
1650 3730 1720 3792 ὄντες
1737 3733 1775 3803 νῷ
1792 3734 1896 3803 πονερῷ
1912 3733 2101 3795 ξυνετάσσοντο.

599 3832 654 3893 143)
677 3834 745 3884 Ρτοο.
766 3837 793 3883 b.
813 3834 894 3882 Vaud.
915 3833 940 3880 II
958 3833 990 3882 II
1014 3827 1174 3901 Ἀρταβάνης
1198 3831 1227 3884 δὲ
1249 3833 1293 3886 aul
1311 3828 1437 3894 Κουζίνας
1459 3833 1554 3905 ἐπῆγον
1573 3833 1616 3886 ἐπὶ
1632 3833 1692 3895 τοὺς
1711 3834 1838 3895 ἐναντίους
1856 3837 1885 3890 τὸ
1903 3838 2055 3908 στράτευμα.
2093 3836 2136 3896 οὓς

511 3915 543 3987 δὴ
563 3917 592 3969 οὐ
611 3917 801 3989 Ευνενεγαόντες
819 3916 843 3969 oi
862 3916 904 3979 ξὺν
921 3917 959 3986 τῷ
977 3914 1090 3988 Ἀντάλρ
1107 3914 1267 3987 Μαυρουσίου
1286 3916 1312 3977 ἐς
1331 3919 1413 3989 φυγὴν
1432 3917 1571 3990 ιίνρριηντο.Ι

600 4021 658 4084 14-1)
678 4023 749 4073 Ρῐοσ.
768 4025 793 4075 b.
814 4022 896 4072 Vand.
915 4023 940 4070 II
958 4020 991 4071 28
1005 4022 1049 4075 dn.
1076 4022 1132 4072 Cor.
1153 4023 1206 4072 ioh.
1227 4023 1264 4070 Iv
1282 4022 1428 4074 509-514.
1452 4023 1527 4073 1095.
1547 4025 1583 4089 Vi
1601 4024 1661 4076 267.
1682 4024 1741 4076 268.
1762 4025 1821 4076 468.
1843 4026 1901 4077 bit.
1921 4028 1970 4076 Vll
1989 4027 2134 4080 iti-III.

509 4108 573 4157 VIII
591 4106 738 4158 zue-273.

600 4210 657 4273 145)
678 4211 733 4261 Cor.
755 4210 808 4260 ioh.
829 4210 879 4258 IIII
898 4206 948 4257 144
966 4223 1075 4271 namque
1092 4211 1161 4258 inter
1179 4223 1234 4258 sese
1252 4210 1309 4257 duri
1328 4211 1377 4258 iam
1396 4211 1492 4259 semina
1509 4211 1570 4259 belii

964 4309 1055 4343 saeuus
1072 4296 1187 4345 liisdaias
1206 4303 1232 4343 et
1250 4296 1314 4344 iidus
1333 4295 1428 4344 Casina
1445 4298 1552 4358 sumptis

965 4387 1028 4428 tune
1046 4380 1156 4431 habuere
1173 4381 1244 4431 odiis.
1282 4382 1379 4430 beilum
1397 4383 1447 4430 iarn
1466 4382 1538 4430 corda
1554 4383 1669 4431 iuturnm

967 4472 1083 4529 coeperat
1101 4467 1197 4516 alterno
1215 4467 1366 4515 succendere
1383 4467 1486 4515 barbara
1503 4474 1579 4517 motu.

595 4567 651 4629 146)
674 4568 729 4619 Gor.
748 4569 802 4619 ioh.
822 4568 846 4617 II
865 4567 993 4619 18-161,
1025 4570 1058 4619 et.
1076 4571 1196 4631 prooemii
1213 4570 1290 4619 huius
1307 4584 1333 4633 p.
1354 4568 1423 4620 IIII.
1443 4568 1501 4619 XV.

597 4669 653 4735 itt)
675 4670 731 4720 Gor.
750 4672 805 4722 ioh.
825 4669 1002 4721 1323-349.

597 4772 655 4835 148)
676 4772 731 4821 Cor.
751 4774 804 4823 Ioh.
825 4775 837 4821 I
856 4772 906 4823 rto
924 4774 1028 4834 lamque
1045 4787 1090 4835 per
1107 4779 1226 4823 extensos
1244 4787 1379 4837 properans
1396 4775 1523 4824 exereitus
1541 4788 1610 4836 agros

921 4859 1021 4917 Byzaeii
1040 4860 1157 4921 carpebat
1173 4861 1235 4920 iter,
1256 4873 1307 4921 qna
1324 4861 1436 4908 Antonia
1453 4869 1533 4913 eastra

921 4945 1021 4993 nomme
1039 4945 1122 4993 dictus
1140 4946 1193 4993 svis
1209 4944 1280 4995 iocus
1298 4951 1345 4995 est.
1383 4945 1425 4994 hie
1442 4951 1523 4993 eastra
1540 4945 1664 4994 iohannes

921 5043 979 5079 mox
998 5032 1096 5092 posuit:
1117 5031 1195 5090 iegati
1213 5036 1240 5079 et
1257 5031 1307 5078 iam
1325 5043 1417 5079 venere
1434 5032 1542 5089 tyranni.

508 5117 580 5167 Vnde
598 5118 710 5167 Antonia
726 5120 806 5166 eastra
823 5129 915 5164 nomen
933 5116 1054 5164 duxerint
1069 5120 1096 5163 at
1112 5117 1159 5164 ubi
1175 5116 1281 5176 inerint,
1301 5117 1398 5164 nesehe
1415 5128 1457 5164 me
1474 5115 1562 5164 fateor.
1601 5115 1705 5163 Antonii
1724 5114 1843 5164 Gordiani
1861 5123 1942 5165 eastra
1958 5115 2074 5165 denotari
2092 5132 2133 5166 sr-

507 5205 618 5253 bitrstns
635 5209 676 5252 est
693 5203 811 5251 Tanxier.
846 5202 935 5251 Notiee
952 5214 996 5249 snr
1014 5201 1122 5264 Gorippe
1139 5206 1166 5250 et
1183 5214 1226 5250 sus
1243 5203 1269 5250 la
1285 5200 1432 5250 lohannids.
1461 5200 1523 5251 Bes.
1544 5202 1599 5250 hir.
1618 5199 1668 5247 XX
1687 5199 1755 5249 Isto
1773 5215 1798 5262 p.
1819 5199 1870 5251 296
1890 5201 1924 5248 ‘ii
1942 5215 1969 5250 se
1987 5208 2059 5263 ports
2076 5201 2132 5252 hora

506 5291 537 5338 de
555 5291 579 5338 is
596 5289 656 5338 viiie
671 5288 759 5351 jnsqn’
777 5301 809 5335 sn
827 5301 898 5350 eamp
916 5286 1058 5349 Antoniou,
1083 5287 1173 5349 ehsmp
1195 5287 1227 5336 de
1246 5287 1350 5336 bstailie
1372 5286 1443 5334 sitn6
1464 5298 1515 5334 non
1537 5286 1591 5334 ioin
1608 5285 1653 5333 des
1670 5286 1802 5345 isnbonrgs
1819 5293 1846 5334 et
1863 5286 1957 5335 semein
1972 5286 2041 5345 jadis
2058 5287 2090 5336 de
2107 5288 2133 5335 is

507 5374 602 5424 ditaite
624 5375 656 5423 ds
674 5373 783 5423 Gordian
801 5375 813 5421 I
834 5387 879 5436 psr
896 5372 1037 5436 (ispalitan.
1076 5373 1124 5433 La,
1152 5370 1216 5421 Jesu
1239 5377 1372 5420 musanus
1395 5369 1495 5420 i’armte
1517 5370 1563 5419 des
1585 5370 1716 5430 indigeries
1739 5371 1898 5420 commandte
1921 5386 1966 5433 par
1984 5373 2088 5422 Antslss
2106 5381 2133 5421 et

507 5463 576 5510 aussi
588 5473 633 5523 psr
644 5457 742 5509 Jems'.
770 5459 895 5521 Equidem
906 5459 1019 5507 tumultu
1031 5459 1109 5520 brevi,
1130 5470 1180 5520 quo
1191 5456 1331 5507 Gordianus
1341 5457 1427 5521 periit,
1446 5470 1572 5520 perpenso
1586 5456 1718 5517 (Herodian
1731 5457 1765 5505 vl
1778 5457 1803 5508 9.
1823 5457 1998 5525 Ῑυ1.,οσρίσο1.
2012 5458 2133 5508 Gordiani

504 5554 557 5596 tres
578 5546 618 5607 15)
643 5560 658 5593 s
675 5544 800 5594 Gordiano
822 5549 902 5593 eastra
919 5544 1018 5592 muniis
1034 5558 1104 5603 essa,
1130 5556 1238 5607 qnorum
1259 5545 1378 5592 memoris
1401 5556 1435 5593 na
1452 5541 1502 5591 ΠΟ
1526 5543 1630 5605 quidem
1648 5543 1748 5593 saeculo
1765 5544 1882 5606 paderb,
1908 5545 1952 5591 via
1970 5544 2128 5594 crediderim.

506 5632 623 5682 Getarum
641 5645 725 5694 pugna
741 5630 801 5692 iiis,
828 5643 878 5692 qna
894 5628 1035 5678 Gordianus
1052 5630 1121 5678 illins
1138 5628 1242 5689 oceidit,
1268 5628 1431 5677 hauddubie
1450 5630 1476 5676 tn
1497 5630 1536 5676 uls
1555 5627 1721 5689 Thevestius,
1748 5641 1799 5677 non
1816 5630 1845 5678 in
1863 5628 2045 5677 Hadrumetina
2062 5641 2130 5677 corn·

504 5720 581 5768 missa
598 5723 646 5767 est.
683 5717 802 5779 Demque
825 5716 857 5764 sd
879 5721 959 5764 eastm
975 5715 1088 5765 Antonia
1105 5716 1243 5764 Iohannem
1264 5728 1321 5763 enm
1339 5714 1454 5763 exercita
1472 5714 1580 5763 bisarion
1598 5726 1760 5773 congressum
1777 5716 1882 5776 primam
1901 5714 2029 5763 victoriam
2047 5727 2131 5777 repor-

503 5811 571 5855 tasse
589 5803 674 5852 neseio
692 5815 754 5850 nam
773 5801 882 5849 Tanxier
898 5800 1078 5861 contendisset,
1099 5802 1120 5848 ai
1139 5802 1279 5849 accuratius
1296 5802 1385 5863 paniio
1401 5800 1459 5848 iibri
1477 5799 1583 5850 meandi
1600 5798 1750 5849 IohaunIGos
1768 5800 1899 5850 exordium
1917 5802 2081 5865 inspexisset.
