5042 6726
554 520 685 586 XXXII
1257 521 1486 579 PRoossrssvn.

554 744 731 828 Byzantios
753 745 916 827 ingressos
939 763 1030 825 esse,
1056 744 1112 827 qui
1133 744 1322 828 Byzacenae
1345 752 1378 810 et
1399 744 1619 829 Tripolitanae
1641 744 1824 829 provinciae
1845 744 1930 811 inter
1950 744 2031 811 fines
2055 753 2186 831 septen-

551 863 686 930 trionem
716 883 828 930 versus
858 864 1044 947 longissime
1072 882 1261 948 procurrens
1284 863 1387 947 Syrtis
1418 863 1548 929 minoris
1577 882 1739 930 recessum
1770 883 1869 949 prope
1892 863 2030 948 attingit.
2079 865 2185 948 Atque

553 983 649 1049 huius
671 983 812 1067 regionis
834 982 964 1048 harenis
987 982 1138 1048 mollibus
1160 990 1290 1069 opertae
1312 991 1459 1049 naturam
1481 983 1565 1049 bene
1587 983 1745 1068 Corippus
1766 983 1964 1050 Iohannidos
1989 983 2071 1050 libro
2094 991 2185 1050 sexto

552 1101 708 1188 depinxit.
755 1103 846 1180 Quae
875 1101 1046 1186 descriptio
1069 1101 1228 1187 Corippea
1255 1103 1289 1168 in
1319 1103 1442 1168 nullam
1472 1102 1569 1167 aliam
1599 1109 1722 1187 partem
1749 1102 1964 1185 desertorum,
1998 1123 2081 1185 quae
2103 1104 2184 1169 mari

552 1222 677 1306 Syrtico
699 1222 806 1288 vicina
828 1229 918 1302 sunt,
948 1219 1096 1303 quadrat.
1142 1220 1278 1287 Deserta
1301 1222 1387 1288 enim
1409 1222 1630 1307 Tripolitanae
1652 1221 1837 1308 provinciae
1860 1223 2099 1308 superlucentia
2120 1244 2183 1288 non

551 1342 729 1421 harenosa,
754 1341 814 1407 sed
835 1359 953 1406 saxosa
976 1348 1050 1405 sunt
1076 1341 1298 1423 (Hammadal,
1332 1348 1461 1424 tamque
1484 1342 1550 1406 alte
1573 1360 1671 1426 supra
1693 1342 1860 1425 planitiem
1883 1344 2001 1408 cultam
2024 1343 2183 1409 literalem

552 1462 703 1544 eminent,
729 1470 765 1527 ut
786 1480 957 1527 ascensum
979 1460 1133 1525 exercitui
1155 1459 1321 1526 difficilem
1343 1468 1439 1546 poeta
1461 1460 1589 1526 silentio
1611 1461 1749 1527 transire
1770 1482 1834 1527 non
1856 1461 2023 1547 potuisset,
2049 1462 2077 1527 si
2099 1462 2183 1528 hanc

551 1581 586 1646 in
607 1582 769 1665 regionem
791 1581 953 1646 Iohannes
975 1598 1165 1663 progressus
1188 1587 1283 1647 esset.
1324 1579 1394 1659 Quo
1416 1598 1518 1662 usque
1540 1579 1708 1646 meridiem
1730 1599 1843 1646 versus
1865 1581 1898 1646 in
1921 1580 2050 1647 deserta
2071 1582 2103 1647 el
2116 1582 2184 1665 Erg

550 1701 701 1786 Byzantii
723 1698 970 1786 penetraverint,
996 1699 1198 1781 ignoramus,
1228 1699 1378 1782 quoniam
1400 1719 1505 1782 neque
1527 1699 1652 1765 itineris
1674 1699 1907 1784 longitudinem
1929 1719 2034 1783 neque
2058 1700 2181 1766 dierum

550 1840 717 1886 numerum
740 1827 835 1905 potita
856 1818 986 1884 indicat.
1023 1816 1148 1883 Gentius
1171 1820 1270 1885 multo
1293 1819 1334 1885 de
1357 1819 1421 1886 situ
1444 1819 1594 1898 locorum,
1620 1818 1737 1901 quibus
1759 1819 1918 1885 exercitus
1941 1819 2070 1885 rediens
2093 1840 2180 1886 oram

549 1925 742 2007 maritimam
765 1940 919 2024 attigerit,
946 1935 1098 2004 iudicium
1121 1937 1203 2004 ferre
1226 1939 1312 2005 licet.
1352 1938 1512 2004 Iohannes
1535 1937 1621 2003 enim
1643 1937 1699 2003 ubi
1717 1938 1855 2022 primum
1869 1938 1912 2003 ad
1927 1938 2022 2005 litora
2036 1937 2177 2021 devenit,

550 2061 663 2126 eastris
692 2060 781 2125 iuxta
809 2058 929 2125 flumen
950 2063 1113 2145 quoddam
1135 2057 1248 2142 positis
1271 2057 1400 2142 oppidis
1422 2057 1589 2123 maritimis
1612 2056 1807 2123 frumentum
1829 2057 1981 2142 imperat,
2015 2058 2100 2141 quod
2122 2077 2182 2124 na-

548 2180 643 2244 vibus
665 2179 698 2244 in
721 2187 827 2245 castra
849 2179 1038 2246 advehatur.
1086 2177 1152 2245 Sed
1174 2177 1283 2253 ventis,
1301 2176 1447 2243 adversis
1469 2196 1569 2241 naves
1592 2176 1742 2265 repulsae
1766 2166 1958 2243 detinentur.

550 2317 617 2382 Ioh.
645 2317 687 2381 Vl
712 2318 771 2380 387
907 2316 1062 2381 adversos
1085 2315 1226 2380 habuere
1249 2314 1360 2379 Notos.
1408 2312 1473 2377 fors
1496 2313 1576 2377 dura
1599 2314 1730 2396 negavit

910 2419 1072 2504 puppibus
1093 2436 1270 2500 aequoreas
1293 2416 1376 2482 velis
1398 2414 1534 2517 transire
1557 2435 1615 2499 per
1637 2415 1760 2480 undas:

910 2520 1057 2605 proxima
1080 2518 1230 2584 seiunxit.

548 2659 607 2724 His
623 2678 640 2723 e
657 2656 803 2723 versibus
826 2656 940 2737 elucet,
967 2656 1042 2723 inde
1058 2677 1077 2721 a
1094 2654 1247 2721 Iohannis
1270 2655 1383 2719 castris
1405 2673 1494 2719 oram
1515 2652 1718 2735 maritimam,
1746 2652 1796 2717 oui
1812 2654 1908 2718 urbes
1924 2654 2001 2721 illae
2016 2656 2180 2740 proximae

547 2778 717 2863 impositae
740 2783 864 2857 essent,
892 2776 1140 2860 septentrionem
1162 2793 1274 2839 versus
1297 2793 1332 2838 se
1356 2772 1559 2854 extendisse,
1589 2780 1695 2839 castra
1715 2771 1816 2856 igitur
1837 2792 1900 2837 non
1923 2773 2026 2858 Syrtis
2050 2776 2180 2843 maioris

548 2898 583 2962 in
605 2897 668 2962 oris
691 2896 795 2981 posita
817 2894 930 2975 fnisse,
956 2915 1039 2977 quae
1062 2895 1102 2959 ab
1126 2893 1246 2960 oriente
1269 2894 1337 2959 sole
1359 2892 1559 2958 occidentem
1581 2912 1694 2958 versus
1717 2892 1858 2958 directae
1881 2900 1966 2976 sunt,
1993 2895 2052 2960 sed
2075 2896 2199 2980 Syrtis,

548 3017 681 3083 minoris
703 3017 737 3081 in
759 3014 841 3095 sinu,
867 3014 923 3079 ubi
938 3015 1142 3098 Byzacenum
1165 3013 1241 3077 litus
1263 3012 1511 3095 septentrionem
1534 3020 1643 3097 petere
1665 3011 1790 3096 incipit.
1831 3012 1991 3079 Firmatur
2008 3014 2090 3081 haee
2105 3035 2181 3082 con-

547 3136 652 3202 clusio
673 3134 821 3201 versibus
842 3134 1102 3218 insequentibus,
1136 3132 1270 3215 quibus,
1303 3131 1393 3196 ouius
1417 3130 1527 3215 popnh
1548 3132 1582 3196 in
1604 3130 1722 3197 linibus
1745 3138 1850 3197 cestra
1872 3132 2026 3199 Iohannis
2048 3133 2176 3217 luerint,

551 3256 733 3355 edpoemur.

912 3390 1053 3456 Astrioes
1075 3389 1142 3454 illis
1164 3389 1262 3471 longo
1284 3388 1349 3453 iarn
1370 3392 1513 3470 tempore
1535 3386 1629 3451 terris

913 3493 1080 3559 horrentes
1102 3491 1242 3557 habuere
1264 3486 1388 3555 domos.

551 3634 614 3715 Qui
638 3632 780 3698 Astrioes
802 3629 890 3696 haud
912 3628 1008 3694 dubie
1032 3628 1135 3712 Syrtis
1157 3626 1288 3691 minoris
1310 3631 1386 3690 tunc
1407 3644 1496 3705 oras,
1529 3624 1645 3708 quibus
1668 3624 1844 3690 Ptolemaei
1872 3626 1937 3691 iam
1966 3634 2108 3713 tempore
2132 3631 2182 3696 vi-

552 3755 616 3820 cini
637 3753 779 3832 inerant,
806 3749 998 3815 incolebant.
1045 3748 1158 3830 Pugna
1182 3745 1283 3829 enim,
1310 3764 1374 3826 qna
1396 3764 1504 3810 eorum
1527 3744 1560 3808 in
1582 3742 1699 3809 finibus
1721 3764 1741 3807 a
1764 3745 1877 3811 castris
1899 3747 2059 3831 prioribus
2081 3771 2181 3834 parvo

551 3874 665 3939 itinere
689 3870 914 3954 digresmmu,
941 3867 1102 3933 Iohannes
1124 3886 1144 3930 a
1166 3865 1288 3930 Mauris
1310 3863 1414 3929 victus
1436 3870 1503 3945 est,
1536 3869 1622 3927 certe
1652 3862 1743 3928 iuxta
1765 3863 1855 3929 sinus
1876 3864 1972 3930 huius
1994 3867 2071 3934 litus
2094 3889 2183 3935 com-

553 3991 652 4057 missa
666 3998 725 4057 est.
766 3989 967 4071 Quamquam
981 4006 1097 4052 nomen
1112 3983 1254 4049 fluminis
1269 3982 1367 4061 illins,
1386 3981 1477 4047 cuius
1491 3981 1526 4046 in
1539 3981 1618 4066 ripis
1632 3981 1823 4067 proeliatum
1838 3991 1897 4065 est,
1917 3985 2102 4069 ignoremus
2113 3992 2178 4073 ¹²⁴),

550 4121 659 4177 tamen
680 4109 786 4175 vicum
809 4107 862 4173 vel
884 4106 1047 4189 regionem
1068 4101 1246 4188 proximam
1269 4108 1363 4186 poeta
1385 4099 1571 4165 nominavit.

552 4247 597 4312 Vl
620 4248 681 4310 485
1456 4238 1621 4319 collesque
1643 4238 1802 4322 malignos

912 4343 1012 4409 tristis
1035 4351 1068 4408 et
1088 4341 1246 4408 infaustos
1269 4341 1466 4407 monstrabat
1488 4340 1617 4406 Gallica
1639 4360 1781 4425 campos.

553 4488 637 4551 Sane
666 4484 726 4548 hoo
756 4482 825 4547 solo
848 4498 944 4545 versu
966 4468 1044 4544 usus
1066 4499 1107 4545 ne
1130 4478 1359 4563 sagacissimus
1381 4477 1528 4562 quidem,
1561 4477 1616 4543 ubi
1638 4477 1766 4545 Gallica
1786 4479 1845 4546 illa
1867 4480 1978 4563 inerit,
2013 4486 2181 4569 explorare

539 4594 665 4691 possit.
712 4600 779 4668 Sed
806 4607 1040 4687 peropportune
1069 4598 1264 4665 Iohannidos
1293 4598 1367 4664 libri
1396 4596 1529 4663 secundi
1560 4597 1649 4662 locus
1683 4598 1725 4682 (Il
1747 4602 1883 4684 77-83)
1919 4602 2084 4685 subvenit,
2118 4625 2180 4687 quo

551 4731 648 4810 polita
670 4720 832 4789 infelicem
855 4720 938 4785 hanc
952 4718 1105 4784 Iohannis
1127 4717 1365 4802 expeditionem
1383 4716 1541 4802 deplorat.
1580 4716 1721 4781 Primum
1736 4716 1797 4783 hoc
1810 4739 1935 4801 quoque
1951 4720 2020 4786 loco
2035 4721 2181 4789 Gallicae

550 4850 647 4930 poeta
668 4842 861 4909 mentionem
884 4838 972 4918 facit,
997 4857 1093 4922 qnam
1115 4837 1257 4902 Romano
1279 4856 1353 4902 mox
1376 4836 1533 4919 sanguine
1555 4834 1713 4921 pollutum
1735 4836 1775 4901 iri
1796 4837 1963 4921 praedicit.

914 4974 947 5039 Π
970 4976 1009 5037 77
1040 4972 1181 5038 immittit
1201 4971 1325 5056 polluta
1346 4972 1431 5038 viros
1453 4993 1527 5038 mox
1550 4972 1677 5038 Gallica
1698 4972 1815 5039 tristes.

641 5288 697 5349 tto)
719 5286 775 5336 Cor.
796 5285 848 5334 leh.
871 5285 905 5333 Vl
923 5281 1068 5333 tsi-rso.

642 5372 699 5435 174)
720 5373 783 5421 hilra
801 5371 936 5431 sagacitate
955 5369 1067 5418 Tanxier
1085 5368 1197 5416 fluminis
1215 5367 1291 5414 huius
1310 5379 1400 5415 nomen
1418 5367 1547 5414 invenisse
1566 5367 1614 5414 sibl
1633 5366 1702 5414 risus
1719 5374 1766 5415 est.
1805 5367 1917 5427 Pugnsm
1935 5369 2004 5416 enlm
2022 5373 2180 5421 commissam

553 5472 608 5508 esse
626 5460 688 5508 dicit
715 5460 744 5505 ‘i
762 5456 946 5505 l'embcuelrnre
964 5452 997 5502 du
1016 5454 1080 5516 petit
1097 5454 1180 5501 lleuve
1198 5453 1318 5511 Lyaens'.
1356 5452 1418 5501 Acie
1437 5452 1602 5500 Romanorum
1621 5452 1649 5499 ln
1667 5452 1752 5514 lugam
1771 5466 1890 5502 conversa
1907 5454 2032 5504 lohannes
2059 5457 2099 5506 ‘se
2114 5459 2182 5518 lette

551 5545 613 5595 dans
631 5557 681 5593 une
699 5543 780 5606 petite
797 5540 900 5590 Mente
918 5539 1003 5588 uerso
1021 5551 1073 5587 aux
1091 5535 1201 5587 muchan
1217 5537 1252 5587 du
1272 5538 1391 5597 Lysem'.
1423 5537 1485 5587 lter.
1500 5538 1554 5586 htv.
1570 5536 1619 5585 XX
1641 5535 1706 5588 tato
1724 5552 1750 5599 p.
1765 5536 1824 5586 297.
1857 5538 1894 5586 lle
1911 5553 1987 5601 quem
2004 5540 2092 5601 tnglst,
2114 5542 2182 5593 unde
2210 5536 2213 5595 l

554 5631 617 5679 hane
635 5631 752 5679 nondam
770 5627 809 5674 vlr
826 5627 915 5676 dectus
931 5624 1053 5684 bonnm,
1073 5623 1185 5672 adscribo
1203 5623 1352 5671 lebranldus
1370 5623 1426 5671 libri
1445 5624 1493 5672 Vll
1512 5638 1535 5674 v.
1558 5621 1597 5672 ib.
1621 5622 1648 5671 li

965 5710 1111 5773 percipiunt
1129 5709 1213 5770 epulis
1232 5722 1319 5770 parvas
1337 5715 1393 5771 pest
1410 5714 1522 5770 tempora
1539 5710 1621 5769 vires,

965 5795 1153 5856 luetltleumque
1170 5794 1262 5842 bibunt
1280 5799 1336 5857 post
1354 5796 1437 5842 tristia
1454 5794 1519 5841 bella
1537 5794 1656 5852 Lyaeum.
