5042 6726
560 551 658 617 XXX
1262 550 1491 609 PROOEMIVM.

561 780 595 839 ut
622 780 765 857 ternpore
794 773 856 839 hoc
884 772 1074 839 intermedio
1103 773 1263 839 exercitus
1289 773 1442 839 Iohannis
1471 794 1590 858 magna
1619 782 1709 860 parte
1739 775 1909 861 desumpta
1936 777 2190 845 imminueretur.

561 893 653 958 Bello
675 891 761 957 enim
785 891 910 977 Syrtiob
933 892 1097 958 exoriente
1118 912 1233 958 novem
1255 892 1304 958 illi
1327 893 1446 976 duces,
1479 895 1534 977 qui
1561 894 1686 979 primae
1715 914 1845 980 pugnae
1866 895 2095 980 interfuerant,
2128 918 2193 964 non

560 1013 626 1081 ism
654 1012 688 1078 in
710 1011 821 1081 Africa
851 1013 982 1095 degisse
1012 1013 1161 1079 videntur
1190 1032 1310 1079 omnes.
1358 1013 1547 1098 Vbicunque
1569 1013 1765 1080 Iohannidos
1794 1014 1827 1080 in
1851 1015 1940 1082 libris
1963 1017 2192 1101 postulionibus

560 1132 647 1198 acies
669 1132 898 1217 Byzantiorum
924 1132 1080 1199 instructa
1111 1131 1319 1215 describitur,
1352 1133 1409 1199 illo
1438 1154 1456 1200 e
1484 1153 1616 1199 numero
1646 1133 1787 1217 quinque
1809 1142 1933 1199 tantum
1955 1143 2188 1204 memorantur:

558 1252 779 1335 Putnintuius,
805 1251 977 1334 Geisiritb,
1002 1251 1164 1317 Iohannes
1186 1252 1308 1335 senior,
1335 1254 1541 1335 Fronimuth,
1566 1253 1774 1335 Tarasis¹⁶²i
1822 1254 2007 1320 Ceterorum
2030 1263 2188 1340 quattuor,

560 1372 679 1453 Geniii,
705 1371 762 1453 qui
784 1371 888 1456 p1iore
911 1370 944 1436 in
965 1391 1075 1456 pugna
1097 1371 1235 1456 primum
1256 1371 1341 1463 inter
1363 1371 1462 1437 duces
1482 1373 1585 1437 locum
1600 1372 1743 1438 tenuisse
1758 1372 1895 1455 videtur,
1922 1373 2079 1457 Gregorii,
2105 1376 2192 1440 Mar-

559 1492 652 1573 turii,
684 1489 853 1556 Marcentii
882 1490 1013 1555 nomina
1041 1490 1075 1555 in
1106 1489 1187 1555 libro
1209 1491 1277 1573 Vli,
1310 1492 1396 1574 VH0,
1428 1491 1521 1556 VIII⁰
1549 1490 1667 1557 frustra
1695 1491 1890 1575 quaerimus.
1937 1494 2024 1560 Casu
2053 1494 2190 1577 quodam

558 1617 686 1696 poetam
709 1611 790 1676 baec
811 1609 941 1679 nomina
963 1609 1091 1674 silentio
1113 1609 1271 1693 pressisse
1294 1611 1455 1693 equidem,
1481 1631 1555 1677 cum
1575 1630 1638 1676 non
1660 1616 1775 1696 poe‘tae
1798 1612 1904 1695 magis
1929 1633 2025 1695 quam
2048 1612 2190 1680 historici

559 1751 690 1797 munere
713 1730 870 1815 Corippns
899 1729 1068 1811 fungatur,
1102 1730 1298 1811 negaverim.
1347 1729 1423 1796 Veri
1452 1731 1551 1796 multo
1582 1730 1720 1796 similius
1750 1737 1815 1812 est,
1848 1732 1907 1798 bos
1933 1732 2019 1797 viros
2041 1740 2191 1817 quattuor

558 1872 629 1918 cum
652 1849 812 1931 numeris,
844 1848 961 1931 quibus
983 1855 1187 1932 praeessent,
1219 1848 1276 1914 nbi
1296 1849 1436 1934 primum
1458 1849 1568 1915 Africa
1590 1857 1706 1934 pacata
1726 1850 1907 1933 videretur,
1939 1851 2038 1917 aliam
2059 1852 2093 1918 in
2115 1874 2190 1938 pro-

557 1970 696 2037 vinciam
726 1968 931 2034 manamissos
961 1986 1049 2049 csse,
1083 1966 1117 2033 in
1138 1966 1266 2033 Italiam
1295 1967 1447 2051 forsitan,
1480 1969 1536 2035 ubi
1562 1989 1613 2035 res
1636 1970 1799 2036 Romanae
1829 1978 1906 2035 tunc
1933 1971 2187 2039 collabebantur.

558 2092 639 2157 Cum
667 2088 819 2154 Iiisdaiae
849 2088 947 2155 etiam
976 2087 1096 2152 auxilio
1126 2087 1299 2154 destitutus
1329 2109 1349 2153 a
1377 2088 1562 2153 Maurorum
1589 2088 1731 2174 principe
1761 2090 1849 2155 nullo
1879 2097 2007 2175 praeter
2035 2092 2189 2159 Casinam

557 2210 716 2276 lohannes
738 2207 961 2286 adiuvaretur,
995 2206 1173 2271 minoribus
1201 2207 1299 2271 multo
1329 2207 1430 2291 copiis
1460 2207 1503 2272 ad
1530 2209 1684 2274 maiorem
1706 2208 1943 2294 expeditionem
1966 2217 2089 2278 aestate
2111 2213 2189 2278 anni

557 2333 619 2395 511
643 2329 797 2411 magister
818 2326 955 2392 militum
977 2325 1138 2409 profectus
1161 2333 1220 2390 est.

643 2448 895 2516 Coniuraveruut
916 2452 1025 2512 contra
1047 2446 1207 2511 Romanos
1229 2444 1340 2529 populi
1362 2445 1479 2530 Syrtici
1502 2467 1631 2531 omnes,
1665 2448 1719 2532 qui
1742 2449 1838 2514 Ierna
1858 2449 2088 2516 Marmaridum
2110 2471 2187 2535 rege

555 2568 722 2635 interfecto
744 2566 908 2632 Ifuracum
937 2565 1084 2649 regulum
1107 2564 1279 2673 camilia}
1299 2585 1457 2630 summum
1487 2566 1548 2632 sibi
1575 2567 1690 2634 ducem
1712 2572 1975 2653 creaverantwu.
2021 2571 2187 2637 Ammonis

556 2687 694 2754 oraculis
717 2685 751 2750 in
772 2685 926 2751 victoriae
948 2704 1038 2769 spem
1060 2652 1301 2749 cerffireeti
1312 2687 1360 2768 164)
1388 2692 1502 2767 gentes
1525 2687 1643 2752 multas
1666 2685 1836 2763 finitimas,
1866 2707 1949 2771 qnae
1971 2689 2076 2773 priore
2097 2691 2186 2757 bello

554 2809 785 2885 abstinuerant,
810 2804 844 2869 in
866 2824 1028 2870 armorum
1050 2803 1235 2869 societatem
1258 2803 1452 2870 adiunxere:

554 2929 624 2993 Ioh.
648 2918 694 2991 'vi
718 2928 779 2989 195
1451 2945 1511 2990 nee
1534 2925 1622 2990 solus
1643 2925 1777 3009 Iiaguas

916 3033 972 3091 aut
992 3033 1106 3108 gentes
1129 3032 1251 3091 tantum
1274 3034 1409 3111 egerunt
1431 3048 1513 3110 quae
1536 3028 1624 3093 bellu
1647 3028 1770 3111 priores

917 3148 1094 3193 convenere
1117 3128 1197 3211 sibi,
1222 3128 1282 3194 sed
1304 3129 1332 3193 si
1355 3129 1427 3212 quis
1450 3130 1575 3215 Syrtica
1597 3150 1671 3194 rurs

916 3250 1013 3315 asper
1033 3237 1103 3297 arat
1124 3231 1306 3313 Nasamon,
1333 3232 1455 3314 siquis
1478 3232 1724 3298 Garamantidos
1747 3234 1833 3298 arsis

916 3332 1079 3417 proximus
1101 3352 1179 3397 arva
1202 3333 1294 3415 colit,
1321 3334 1450 3418 pinguis
1473 3334 1529 3419 qui
1551 3335 1695 3419 margine
1719 3335 1787 3400 Nili
1861 3329 1863 3333 ’

918 3440 1034 3517 stagna
1055 3435 1185 3517 bibunt,
1211 3456 1328 3501 venere
1350 3436 1420 3501 viri.

555 3561 628 3625 Non
658 3559 767 3642 inepte
796 3553 936 3621 foederis
959 3554 1094 3619 Maurici
1116 3555 1322 3620 increscentis
1346 3556 1600 3638 magnitudinem
1623 3564 1718 3641 potita
1740 3556 1925 3641 regionibus
1947 3556 2050 3624 tribus
2073 3560 2185 3625 electis

556 3679 717 3763 designat,
744 3695 878 3759 quarum
900 3693 965 3737 nna
986 3673 1205 3738 Nasamonum
1227 3674 1382 3740 orientem
1404 3695 1528 3755 versus,
1558 3677 1660 3741 altera
1682 3676 1874 3759 Maurorum,
1900 3677 1956 3760 qui
1978 3677 2185 3744 Garamanti-

557 3801 618 3866 bus
646 3794 847 3881 (Phazaniaei
881 3791 1008 3857 iinitimi
1034 3799 1142 3877 erant,
1175 3793 1342 3860 meridiem
1371 3815 1500 3875 versus,
1535 3796 1629 3861 tertia
1657 3795 1852 3861 occidentem
1883 3815 1996 3861 versus
2026 3804 2185 3863 extremos

556 3918 793 3985 foederatorum
814 3912 896 3978 fines
917 3911 1086 3977 indicaret.
1132 3913 1245 3995 Neque
1268 3913 1353 3979 enim
1376 3913 1417 3980 de
1439 3914 1523 3996 Nili,
1557 3934 1637 3996 quos
1660 3933 1718 3979 nos
1741 3914 1901 3997 norimus,
1936 3915 2070 3981 lacubus
2092 3936 2186 4001 mag·

557 4041 607 4105 nis
629 4032 845 4120 cogitandum,
876 4031 935 4097 sed
957 4030 998 4097 de
1021 4032 1233 4099 Mauritaniae
1254 4033 1491 4116 Numidiaeque
1514 4032 1732 4098 meridionalis
1760 4033 1893 4118 (Sabare
1915 4035 2069 4120 algerien)
2097 4042 2187 4121 stag·
2201 4060 2217 4107 ἰ

558 4159 626 4238 nis,
659 4177 677 4222 e
708 4154 824 4238 quibus
847 4152 957 4216 Nilum
986 4151 1141 4235 originem
1169 4151 1287 4218 ducere
1310 4160 1437 4218 veteres
1459 4151 1747 4238 opinabantur¹⁶⁵l.
1794 4153 1991 4238 Magnoiiio
2014 4176 2186 4222 enumero
2215 4124 2217 4169 Ι

557 4285 743 4359 stagnomm
772 4278 875 4354 certa,
914 4269 1066 4353 adquae
1096 4277 1280 4353 stagnorum
1309 4271 1507 4337 Niliacorum
1535 4292 1650 4338 nomen
1681 4272 1853 4358 referatur,
1893 4273 1971 4358 eligi
2000 4295 2063 4340 non
2092 4295 2187 4361 posse

558 4393 737 4463 doctissimi
769 4391 887 4475 quique
921 4398 954 4457 et
986 4390 1162 4457 studiorum
1194 4392 1306 4456 borum
1339 4390 1525 4476 peritissimi
1557 4392 1859 4477 intellexeruntffli).
1912 4396 2052 4459 Tantum
2086 4395 2187 4477 liquet

559 4527 635 4583 tune
656 4514 785 4579 Mauros
814 4510 960 4577 meridiei
986 4510 1125 4576 manime
1152 4510 1305 4577 obnoxios
1334 4511 1411 4578 inde
1440 4512 1482 4576 ab
1511 4511 1642 4578 ossibus
1665 4512 1752 4597 Syrti
1774 4513 1887 4580 maiori
1908 4514 2062 4599 proximis
2085 4533 2186 4596 usque

557 4637 601 4704 ad
631 4622 788 4700 Saharam
809 4631 992 4715 Aigericam
1020 4630 1100 4696 belii
1127 4631 1310 4696 societatem
1340 4631 1504 4715 pepigisse
1516 4634 1580 4714 ¹⁰⁷).
1627 4631 1816 4716 Priusquam
1845 4632 1980 4717 periculi
2008 4632 2187 4714 ingmentis

644 4957 703 5019 161)
725 4956 781 5007 (lor.
801 4956 856 5006 lob.
875 4957 911 5004 11
929 4954 1074 5006 tis—525.
1095 4957 1158 5005 VIII
1176 4954 1322 5005 eto-sit.
1361 4959 1472 5020 Vtroque
1490 4961 1541 5007 ioco
1559 4972 1639 5007 novus
1658 4958 1761 5019 quidam
1779 4958 1832 5005 dux
1850 4962 2015 5017 memoratur,
2035 4958 2076 5004 cui
2095 4969 2186 5006 nornen

560 5045 664 5095 Sindnit
680 5045 759 5093 inisse
778 5043 921 5104 suspicatus
939 5056 1003 5091 sum.

647 5128 705 5191 163)
725 5127 780 5177 Gor.
800 5126 855 5177 iolr.
875 5126 911 5174 Vl
931 5124 989 5175 114.

646 5214 705 5276 161)
726 5211 910 5261 Gor.loh.V1
931 5210 1074 5262 115-196.

648 5299 704 5361 165)
725 5296 951 5355 1111161111112,
972 5296 996 5347 6.
1029 5297 1128 5345 Plinius
1147 5311 1172 5346 n.
1193 5296 1218 5345 b.
1240 5295 1305 5357 Vi),
1326 5296 1368 5345 51.
1390 5296 1432 5346 52.
1464 5297 1557 5345 Visien
1575 5296 1607 5344 de
1627 5294 1664 5344 Si.
1685 5295 1778 5344 Martin
1799 5297 1835 5345 Le
1853 5295 1919 5344 Nord
1937 5296 1967 5345 de
1985 5299 2107 5359 i'Airique
2126 5298 2188 5347 dans

558 5386 704 5450 i'antiquite‘
721 5399 747 5447 p.
767 5381 827 5432 aui.
862 5382 936 5431 ‘c'eet
953 5382 988 5430 du
1007 5382 1048 5430 Nil
1067 5383 1233 5430 mauritaniam
1252 5394 1301 5443 qne
1320 5380 1443 5443 Gorippns
1461 5383 1553 5430 entend
1571 5380 1675 5444 parler'.

647 5471 704 5533 166)
726 5469 784 5519 Viv.
804 5468 836 5517 de
854 5466 891 5518 Si.
911 5467 1002 5517 Mariin
1019 5468 1113 5516 ibidem
1131 5482 1158 5530 p.
1178 5465 1239 5517 435.
1726 5534 1730 5539 Ι

649 5556 704 5617 167)
726 5556 796 5603 Proe.
816 5555 841 5602 b.
861 5552 942 5603 Vand.
963 5552 1040 5603 1128
1064 5552 1088 5604 ei
1107 5548 1222 5605 risoo‘rbou
1245 5549 1320 5609 estu
1346 5551 1444 5620 στρατῷ
1468 5548 1573 5621 μεγάλῳ
1593 5549 1623 5602 ἐκ
1640 5557 1691 5602 τῶν
1711 5548 1752 5602 ἐπὶ
1769 5547 1918 5619 Τριπόλεως
1935 5550 2039 5623 χωρίων
2058 5549 2085 5610 ἐς
2103 5548 2158 5613 Bet
2176 5580 2189 5590 -

559 5660 616 5696 aros
633 5639 785 5713 ἀφικόμενοι
801 5642 857 5696 τοῖς
875 5636 942 5708 ἀμφὶ
958 5638 1000 5689 τὸν
1018 5630 1136 5691 busim
1155 5635 1293 5704 ξυνέμιξαν.
1332 5638 1464 5700 Perperam
1487 5643 1555 5686 certe
1572 5637 1707 5699 Procopius
1729 5639 1780 5686 iam
1798 5644 1859 5686 tune
1878 5638 1996 5687 Anteiam
2014 5652 2071 5687 cum
2089 5638 2188 5701 populis

560 5728 666 5788 Syrticia
684 5732 764 5776 castra
781 5726 897 5774 iunxisse
915 5732 1048 5774 asseverat.
1085 5724 1143 5773 Post
1160 5725 1280 5773 iohannis
1305 5725 1407 5773 demum
1431 5723 1525 5772 cladem
1543 5723 1661 5771 Anteiam
1685 5723 1819 5773 rebellatae
1837 5722 1961 5786 corippus
1984 5725 2088 5774 disertis
2105 5724 2189 5772 verbis

559 5813 631 5863 docet
647 5813 698 5861 Vii
716 5809 774 5861 286.
