5030 6734
1258 507 1407 563 CORIPPI

904 696 1118 782 praesidium,
1141 704 1339 783 mortemque
1361 697 1484 762 alterno
1507 699 1608 764 Marte
1631 698 1781 777 minatur.
2029 756 2039 789 ,
2124 762 2141 783 Α

904 821 998 883 quem
1022 799 1169 882 fugiant:l
1212 820 1276 881 qua
1299 806 1389 884 parte
1412 800 1552 867 cadant.l
1581 790 1776 886 praedantur
1798 800 1927 882 ubique.
1962 774 2001 831 ²<
2015 794 2038 879 ’ὶ
2066 800 2091 876 {¹⁴
2106 768 2174 847 Μ

905 908 1006 967 terror
1028 902 1146 985 ubique
1170 902 1258 967 viris.
1306 921 1421 968 saevas
1444 903 1491 968 sic
1511 911 1579 969 tcta
1601 904 1754 989 perillus

905 1004 1047 1070 maxima
1067 1012 1222 1070 terrarum
1246 1012 1297 1070 est
1317 1005 1419 1089 Libye
1442 1006 1564 1072 nudata
1586 1008 1733 1092 rapinas,

907 1115 943 1173 ut
964 1109 1046 1193 perit
1067 1108 1101 1172 in
1123 1107 1230 1174 dubiis
1252 1129 1395 1194 puppes,
1421 1109 1503 1191 heu,
1530 1111 1690 1193 naufraga
1711 1109 1826 1175 ventis.

907 1210 1085 1274 Poenorum
1107 1210 1167 1274 has
1189 1217 1298 1295 pestes
1321 1210 1413 1277 sclito
1436 1211 1606 1277 miseratus
1628 1212 1749 1279 ademit

907 1333 994 1377 more
1016 1312 1089 1397 pius
1111 1313 1279 1399 princeps,
1305 1312 1392 1379 Afris
1415 1313 1537 1379 solacia
1558 1315 1654 1383 fessis

908 1434 1033 1480 summa
1055 1414 1178 1497 ferens,
1205 1415 1367 1497 victorque
1390 1417 1509 1480 malum
1533 1416 1651 1487 deiecit
1671 1424 1839 1500 utrumque

908 1517 1058 1583 Sidonius
1079 1526 1188 1603 patres
1211 1517 1313 1583 titulis
1335 1517 1521 1583 melioribus
1544 1540 1677 1603 angens.

908 1627 1016 1686 vestra
1037 1640 1151 1685 manus
1173 1620 1307 1685 miseros
1330 1621 1441 1685 mertis
1464 1621 1504 1687 de
1527 1622 1674 1691 faucibus
1696 1622 1792 1687 Afros

909 1722 1041 1808 eripuit,
1068 1722 1227 1805 fessisque
1250 1722 1361 1805 iugum
1384 1721 1513 1788 crudele
1537 1725 1679 1791 retraxit.

909 1825 1021 1890 Africa
1043 1824 1181 1889 surrexit
1204 1825 1320 1889 vestris
1343 1832 1449 1890 erecta
1471 1826 1652 1912 triumphis.

908 1926 1031 2011 gaudia
1052 1934 1125 2011 pest
1146 1927 1250 1991 luctus
1273 1933 1378 1993 terrae
1401 1927 1545 1994 donastis
1566 1930 1702 1997 amicae.

801 2055 814 2092 a
909 2030 985 2095 dum
1008 2029 1153 2115 premitis
1175 2037 1306 2112 gentes,
1332 2036 1432 2096 tetum
1455 2031 1531 2096 dum
1554 2032 1682 2098 vincitis
1705 2035 1832 2100 orbem.

908 2133 1101 2198 intremuere
1124 2131 1184 2197 feri
1206 2139 1314 2197 vestra
1335 2132 1452 2198 virtute
1475 2134 1610 2200 subacti.

910 2236 1090 2300 Maurorum
1113 2243 1188 2300 tunc
1209 2235 1298 2300 bella
1320 2235 1436 2317 duces,
1461 2243 1537 2303 tunc
1560 2238 1683 2322 proelia
1705 2238 1839 2322 quisque

909 2345 1017 2403 vestra
1038 2358 1178 2423 pavens,
1205 2339 1313 2403 alacer
1334 2338 1443 2403 frenus
1466 2347 1499 2405 et
1520 2340 1591 2405 iura
1613 2342 1752 2406 cucurrit

910 2441 1064 2526 principis
1087 2441 1169 2506 ultre
1191 2441 1268 2526 pati.
1316 2439 1432 2507 florens
1455 2442 1536 2507 haec
1558 2444 1680 2526 gaudia
1703 2444 1804 2509 sensit

912 2551 1021 2609 nestra
1043 2543 1154 2609 decem
1177 2543 1273 2608 tellus
1295 2544 1408 2627 plenus
1431 2544 1542 2615 laxata
1564 2566 1621 2629 per
1643 2567 1761 2629 annes,

912 2654 959 2730 et,
985 2646 1132 2730 quamvis
1155 2646 1275 2713 fuerint
1296 2647 1362 2713 fato
1385 2648 1526 2733 pellente
1549 2650 1705 2727 rebelles,

910 2757 986 2815 ante
1009 2749 1113 2833 magis
1136 2749 1269 2833 cecidit,
1295 2770 1392 2833 quam
1414 2750 1567 2834 praedam
1590 2753 1733 2835 tolleret,
1759 2753 1872 2818 hostis.

739 2906 746 2931 ,
790 2886 798 2913 t
819 2892 828 2901 -
910 2872 974 2918 nen
995 2852 1395 2945 QQQMW
1416 2853 1527 2919 Africa
1548 2855 1681 2921 bellum.

910 2962 943 3020 te
965 2955 1138 3038 vigilante,
1163 2963 1270 3039 pater,
1297 2956 1454 3041 spectarit
1475 2957 1626 3023 Leucada
1649 2977 1774 3044 pugnas

911 3058 1123 3141 virtutemque
1145 3064 1243 3123 tuam.
1291 3058 1506 3142 pinguescunt
1528 3061 1685 3144 sanguine
1708 3062 1831 3146 campi,

912 3145 1039 3227 ossibus
1061 3160 1246 3243 albescunt,
1273 3161 1430 3227 feriuntur
1451 3183 1578 3229 vumere
1601 3171 1694 3248 rapta

912 3282 952 3328 ex
974 3263 1115 3330 humeris
1137 3263 1244 3348 capita
1266 3271 1298 3329 et
1321 3265 1426 3349 sparsi
1448 3285 1505 3350 per
1526 3266 1673 3349 gramina
1694 3267 1807 3332 trunci.

911 3386 989 3432 ense
1010 3373 1064 3432 tuo
1087 3366 1208 3432 cunetis
1230 3373 1339 3432 netum
1362 3374 1413 3432 est
1433 3367 1512 3451 quid
1533 3369 1674 3452 gesseris
1695 3370 1754 3434 illc

912 3470 1030 3551 Marte,
1056 3468 1185 3535 favente
1208 3468 1280 3534 dec.
1326 3469 1425 3534 tantis
1447 3469 1577 3553 signare
1599 3473 1739 3557 trepaeis

912 3572 984 3655 quis
1007 3572 1108 3656 potuit
1130 3578 1281 3656 campos?
1324 3573 1461 3655 ornasti,
1491 3593 1625 3657 magne,
1652 3575 1806 3643 decorans

913 3682 945 3739 et
966 3674 1205 3739 Solomoniaens
1227 3674 1348 3739 auxisti
1370 3694 1468 3760 saepe
1490 3676 1678 3761 triumphes.

912 3796 1007 3861 asper
1029 3783 1061 3841 et
1083 3777 1139 3842 ille
1162 3777 1262 3842 semel
1283 3777 1406 3843 bellum
1428 3780 1597 3863 temptavit
1618 3780 1738 3846 laudas

912 3878 1054 3958 attulit,
1080 3884 1155 3944 ante
1177 3883 1286 3944 tamen
1309 3899 1438 3965 campos
1460 3902 1555 3965 quam
1580 3882 1661 3949 vidit
1681 3889 1826 3967 apertos.

912 3988 945 4048 et
966 3981 1081 4046 mediis
1103 3981 1232 4046 tremuit
1254 3982 1413 4047 Romanos
1436 4003 1562 4050 currere
1588 3986 1691 4053 silvis.

804 4110 816 4147 s
912 4091 946 4149 at
967 4084 1089 4149 Stutias
1111 4102 1202 4148 orsus
1224 4091 1332 4150 nostra
1354 4084 1395 4151 de
1418 4093 1508 4170 parte
1531 4087 1686 4153 duellum.
1749 4104 1762 4126 ‘

914 4188 993 4253 haec
1016 4187 1125 4269 nobis,
1152 4187 1233 4255 haec
1253 4187 1302 4253 ira
1325 4187 1395 4254 fuit.
1443 4190 1524 4254 haec
1545 4188 1658 4256 addita
1680 4192 1776 4256 rebus

913 4310 990 4356 cura
1011 4289 1153 4355 nefanda
1174 4290 1250 4376 piis.
1296 4291 1418 4356 beilum
1440 4291 1535 4358 civile
1558 4292 1684 4359 revixit.

914 4400 989 4458 tunc
1013 4394 1174 4478 Carthago
1197 4393 1283 4458 feras
1307 4393 1433 4478 dirupto
1456 4394 1585 4461 foedere
1607 4397 1746 4481 praedas

914 4496 1015 4562 sensit
1036 4503 1069 4562 et
1090 4495 1257 4561 infandum
1281 4516 1344 4562 non
1365 4516 1468 4579 aequo
1491 4498 1593 4565 Marte
1615 4499 1780 4584 periclum.

914 4599 973 4665 sed
995 4606 1103 4664 tamen
1124 4599 1177 4664 hie
1199 4598 1297 4665 celeri
1319 4598 1465 4665 devictus
1487 4607 1629 4686 tempore
1652 4602 1759 4668 cessit.

912 4703 998 4767 hunc
1019 4700 1218 4766 Membressa
1240 4701 1307 4767 suis
1329 4701 1412 4768 vidit
1434 4722 1619 4769 concurrere
1642 4705 1781 4789 campis,

913 4805 999 4870 hunc
1021 4803 1134 4870 eadem
1156 4803 1288 4888 petiisse
1310 4803 1439 4888 fugam,
1466 4826 1537 4871 eum
1560 4807 1719 4875 maximus
1742 4808 1852 4873 hostes

913 4907 1051 4973 fudisset
1071 4905 1208 4971 modicis
1229 4907 1331 4973 victer
1353 4907 1530 4974 Belisarius
1550 4909 1661 4975 armis.

998 5016 1030 5075 te
1053 5029 1178 5093 quoque
1200 5029 1258 5093 per
1279 5008 1403 5075 medias
1425 5010 1505 5076 vidit
1527 5010 1667 5077 Victoria
1689 5030 1832 5096 pugnas,

768 5136 816 5175 ers
913 5113 1004 5179 fortis
1026 5119 1059 5179 et
1079 5111 1210 5197 irruptis
1233 5112 1405 5178 truncabas
1427 5113 1558 5197 agmina
1583 5113 1697 5178 castris

593 5282 643 5333 210
661 5285 752 5346 Libyae
770 5285 851 5341 Mass.
955 5285 1005 5336 216
1023 5285 1158 5350 puppisT
1258 5284 1308 5335 210
1326 5286 1439 5334 morteT
1543 5286 1759 5337 aecumenicam
1863 5286 1912 5336 283
1931 5291 2021 5338 nostris
2038 5291 2153 5340 erettnT

525 5368 575 5419 290
592 5371 681 5419 drreem
702 5372 723 5418 Τ
826 5372 876 5422 292
895 5372 971 5436 preda
993 5372 1013 5418 Τ
1115 5370 1164 5420 293
1182 5373 1255 5432 inops
1272 5376 1330 5420 cute
1349 5380 1409 5419 tunc
1426 5370 1484 5421 add.
1507 5370 1597 5432 Musa,
1618 5385 1666 5419 uon
1685 5374 1734 5420 lam
1753 5373 1902 5421 mortificem
1921 5377 2003 5424 sancit
2020 5380 2154 5439 repatrltur

524 5455 558 5513 es.
575 5457 633 5504 908.
648 5458 699 5503 000
803 5456 853 5506 aad
871 5456 1029 5519 spettsbltl'
1131 5455 1181 5505 290
1199 5457 1299 5505 rattaT
1404 5456 1453 5506 201
1472 5457 1597 5519 sparsaT
1700 5457 1751 5507 299
1770 5460 1890 5507 murteT
1992 5461 2042 5511 300
2060 5467 2153 5512 ornmtl

525 5556 612 5600 aragne
631 5541 749 5591 decorans
770 5543 799 5604 Y,
820 5543 913 5591 ornasti
931 5556 1019 5603 magno
1037 5541 1154 5589 decorans
1173 5544 1240 5602 legit,
1261 5549 1287 5590 et
1304 5557 1391 5602 magno
1408 5556 1494 5591 estuare
1512 5543 1598 5591 decere
1616 5545 1712 5604 scripsit
1732 5544 1809 5594 Mass.
1941 5546 1991 5597 302
2009 5552 2092 5612 aspice
2111 5552 2153 5597 illc

523 5626 641 5675 scmulT
744 5628 853 5677 indasT
956 5626 1005 5676 305
1025 5628 1116 5674 statius
1129 5641 1199 5676 orsus
1215 5628 1243 5686 Τ,
1264 5629 1442 5676 sentiscerent
1454 5629 1520 5688 legit,
1541 5630 1733 5690 senaitprorans
1745 5632 1840 5690 scripsit
1853 5629 1931 5680 Maza.
2038 5634 2087 5684 301
2107 5649 2153 5683 ne·

523 5712 592 5760 lundt
608 5712 628 5759 T
727 5714 776 5761 301
795 5716 860 5761 ierus
876 5714 902 5773 Y,
923 5714 989 5762 lorus
1007 5713 1065 5772 teuit
1079 5712 1156 5761 Muta.
1263 5714 1313 5760 309
1331 5727 1396 5774 eque
1414 5714 1435 5760 11
1537 5712 1586 5762 310
1605 5715 1648 5762 scd
1668 5721 1750 5764 tamen
1771 5716 1811 5763 lrlc
1831 5716 1857 5775 Τ,
1879 5717 1975 5766 Stntlas
1993 5719 2052 5767 irinc
2073 5721 2152 5770 tiaza.

521 5795 570 5845 312
590 5811 657 5851 putre
677 5797 697 5844 Τ
802 5798 851 5847 313
871 5799 975 5847 medicis
995 5797 1139 5857 Mommsen,
1160 5800 1249 5847 mediis
1271 5799 1291 5845 Τ
1394 5800 1545 5848 libellarius
1568 5799 1589 5846 T
1691 5801 1740 5848 315
1757 5802 1857 5861 agmine
1877 5802 1898 5849 Τ
