5034 6730
860 590 899 643 ΙΝ
918 589 1074 644 LAVDEM
1093 588 1234 643 IVSTlNI
1253 589 1323 643 LIB.
1344 588 1364 643 l.

690 797 760 842 eum
785 778 864 843 deus
886 779 1052 863 imperium
1075 785 1184 844 saneta
1205 778 1271 843 iam
1294 778 1419 843 dixerat
1439 799 1492 843 ore

690 881 810 946 Iustino
832 882 1032 966 sophiaeque
1055 881 1142 964 dari,
1168 900 1320 963 mumque
1343 882 1462 965 potenti

691 985 835 1049 cinxerat
856 993 951 1068 atque
974 985 1071 1049 annis
1092 991 1190 1050 tutam
1213 984 1405 1050 caelestibus
1428 985 1557 1050 aulam?

690 1088 796 1152 omnia
818 1086 990 1173 disponens
1012 1089 1148 1154 munivit
1167 1087 1320 1173 providus
1341 1108 1447 1153 arcem

689 1191 855 1270 liberius,
881 1190 1000 1256 domiui
1023 1210 1149 1276 semper
1171 1192 1221 1256 eui
1243 1191 1383 1256 maxima
1405 1211 1481 1256 eura

689 1294 835 1359 utilitatis
858 1301 937 1359 erat.
982 1314 1119 1377 namque
1141 1294 1232 1359 illum
1256 1295 1413 1359 maximus
1435 1294 1521 1359 urbis

690 1397 864 1461 eommunis
887 1395 1070 1462 benefactor
1091 1398 1182 1463 alens
1205 1403 1237 1462 et
1259 1397 1301 1462 ab
1324 1397 1421 1462 ubere
1444 1397 1553 1461 matris

690 1499 867 1583 suscipiens
888 1499 999 1584 primia
1023 1520 1154 1584 puerum
1178 1499 1335 1584 praelegit
1356 1500 1398 1564 ab
1420 1500 1531 1581 aunis,

690 1610 786 1685 utque
810 1610 900 1688 pater
922 1603 1064 1686 genitum
1087 1603 1235 1684 nutrivit,
1263 1603 1358 1683 fovit,
1385 1602 1520 1682 amavit,

690 1706 906 1791 paulatimque
928 1706 1030 1772 virum
1054 1727 1177 1771 summa
1199 1707 1231 1771 in
1254 1705 1386 1789 fastigia
1408 1705 1509 1771 duxit.

691 1810 764 1874 hine
786 1809 881 1874 etiam
904 1809 1031 1875 iuvenis
1052 1815 1120 1874 tuta
1141 1810 1257 1876 virtute
1280 1809 1428 1875 laborans

691 1934 746 1997 pr0
769 1933 872 1977 rerum
895 1912 1032 1978 dominis
1055 1913 1193 1977 animam
1216 1912 1377 1996 vitamque
1399 1912 1528 1997 periclis

691 2036 753 2080 nun
775 2015 899 2081 dubitat
920 2017 1073 2100 praebere
1096 2035 1205 2097 suam,
1232 2016 1425 2099 vigilatque,
1452 2016 1610 2098 fidemque

691 2119 837 2201 exhibet,
863 2126 896 2184 et
917 2139 1072 2185 summum
1096 2119 1209 2185 meruit
1230 2118 1424 2185 dominantis
1446 2140 1596 2185 amorem.

692 2222 743 2287 hie
765 2223 846 2287 bene
869 2222 1009 2307 suseepti
1030 2222 1204 2307 primordia
1225 2242 1380 2307 prospera
1402 2222 1493 2304 regni

692 2325 830 2391 disereta
852 2326 973 2390 ratione
995 2345 1129 2397 vueans,
1155 2346 1325 2410 properare
1347 2325 1460 2391 fideles

691 2429 848 2511 urguebat
870 2429 1006 2493 famulus
1028 2435 1061 2493 et
1082 2435 1195 2493 cuneta
1216 2448 1330 2513 parare
1351 2427 1493 2493 iubebat.

777 2538 887 2597 aurato
908 2532 1031 2596 interea
1053 2550 1166 2615 eorpus
1188 2531 1325 2596 sublime
1346 2531 1462 2596 feretro

691 2634 864 2719 inpositum
886 2635 979 2699 turba
1000 2634 1191 2699 famulorum
1213 2634 1310 2700 flente
1332 2634 1473 2703 iaeebat.

693 2746 724 2804 et
745 2737 876 2804 flentum
899 2737 1038 2804 lacrimis
1060 2738 1164 2803 iustus
1187 2738 1276 2803 dolor
1298 2759 1354 2802 ura
1375 2737 1511 2821 rigabat.

650 2870 653 2881 .
692 2842 784 2907 arbor
806 2842 853 2907 uti
876 2841 1004 2923 mediis,
1030 2841 1145 2906 avibus
1167 2841 1368 2923 gratissima,
1395 2841 1518 2925 eampis

692 2945 785 3011 armis
807 2944 892 3010 vieta
915 2944 1034 3010 uadens
1057 2945 1221 3027 antiquum
1245 2945 1341 3009 robur
1362 2944 1472 3029 epatis

657 3056 799 3143 „servat
820 3049 926 3114 adhue
948 3047 1050 3130 foliis,
1077 3055 1109 3113 et
1130 3068 1261 3132 eorpore
1283 3047 1356 3113 fusa
1378 3047 1492 3132 supino

626 3142 847 3235 ‘'liauguida
869 3171 927 3237 per
949 3153 1032 3217 latas
1054 3151 1208 3236 expandit
1230 3150 1362 3216 brachia
1382 3157 1502 3227 terras:

693 3262 727 3321 at
748 3255 863 3321 ciream
887 3256 1040 3339 querulae
1063 3255 1258 3338 volitantque
1282 3253 1458 3337 sedentque
1480 3255 1642 3336 volueres,

693 3366 936 3442 maerentesque
958 3358 1067 3424 dolent
1089 3358 1198 3424 sedem
1222 3357 1378 3424 cecidisse
1400 3358 1555 3442 priorem,

693 3470 725 3529 et
746 3462 930 3547 quaerenda
951 3462 1043 3527 nevis
1066 3462 1159 3526 arbor
1180 3462 1289 3546 plaeet
1310 3462 1412 3527 altera
1434 3461 1535 3528 nidis:

692 3567 739 3632 sie
761 3585 911 3650 suprema
933 3585 1010 3631 suae
1036 3584 1169 3630 servans
1191 3564 1332 3647 insignia
1355 3564 1440 3630 vitae

692 3669 887 3734 Iustinianus
988 3719 995 3749 ‚
1021 3688 1084 3733 nun
1105 3673 1231 3732 mutans
1253 3674 1352 3732 morte
1375 3669 1527 3751 celerem,

693 3773 750 3838 sed
773 3771 867 3837 solitu
890 3771 1029 3836 candore
1051 3771 1166 3836 nitens.
1214 3771 1299 3852 quud
1321 3770 1432 3836 vicerit
1454 3772 1580 3854 orbem,

693 3894 776 3940 mers
799 3873 982 3939 veneranda
1004 3873 1062 3938 viri
1085 3873 1187 3956 signis
1210 3874 1398 3939 monstravit
1418 3876 1550 3958 apertis.

693 3978 763 4063 ipse
785 3977 954 4043 videbatur
975 3976 1097 4041 eunetis
1120 3976 1347 4061 plangentibus
1369 3996 1451 4042 unus

693 4081 801 4164 efligie
824 4080 966 4163 gaudere
989 4080 1061 4165 pia,
1088 4078 1270 4146 diademate
1292 4088 1436 4164 sumptus

694 4204 915 4269 purpureaque
938 4184 971 4248 iu
994 4190 1082 4249 veste
1105 4183 1230 4265 iacens3
1256 4183 1455 4266 requiescere
1478 4203 1587 4248 sumus

692 4286 822 4353 eredere
844 4286 927 4370 quod
951 4286 1074 4371 possis,
1099 4308 1160 4351 nun
1183 4287 1262 4351 duro
1284 4285 1412 4365 funere,
1439 4305 1565 4370 eurprrs.

694 4392 785 4469 haut,
812 4410 898 4471 reor,
922 4390 1067 4455 inmerito
1090 4390 1262 4455 siclaetus
1285 4396 1317 4454 et
1338 4408 1392 4453 ore
1414 4389 1572 4471 benignus

693 4494 749 4559 ille
772 4494 854 4559 leret
874 4493 1025 4575 moriens,
1053 4492 1115 4557 nisi
1138 4513 1228 4557 mens
1251 4492 1312 4556 sibi
1335 4491 1461 4556 conseia
1483 4492 1560 4557 recti

692 4598 726 4662 iu
750 4597 873 4661 eaelum
897 4614 1073 4680 properans
1096 4614 1223 4659 securus
1245 4594 1402 4678 linqueret
1424 4601 1529 4674 artus,

695 4707 727 4765 et
748 4707 850 4765 tutum
873 4698 1040 4782 imperium
1064 4697 1186 4762 firmato
1208 4697 1327 4763 herede
1351 4698 1479 4762 leuaret.

781 4804 843 4868 hue
865 4801 920 4867 ubi
942 4801 1167 4883 magnanimus
1188 4820 1280 4866 saera
1301 4821 1372 4865 eum
1396 4800 1530 4884 coniuge
1552 4803 1663 4883 veuit,

695 4927 771 4972 cara
793 4926 851 4990 per
872 4904 1053 4970 exanimum
1077 4903 1276 4969 eireumdaus
1299 4903 1429 4969 brachia
1451 4923 1566 4988 eorpus

552 5028 599 5068 reu
696 5030 765 5074 eum
789 5007 930 5073 lacrimis
951 5007 1093 5072 Iustinus
1115 5006 1171 5074 ait.
1223 5007 1295 5071 ‘lux
1318 5006 1405 5072 urbis
1427 5013 1460 5072 et
1482 5006 1583 5089 urbis,

313 5197 632 5205 u-——nffln-
645 5196 719 5201 —-.

380 5303 430 5353 210
448 5306 500 5354 (larl
520 5305 641 5366 Darapsa,
660 5305 718 5354 dare
737 5304 773 5365 M,
791 5304 876 5352 datum
896 5302 957 5351 Ruta
1059 5300 1107 5351 211
1128 5303 1254 5349 eiuexerat
1270 5300 1297 5347 M
1399 5306 1474 5362 atque
1491 5300 1613 5360 Derepit,
1632 5309 1658 5348 et
1671 5301 1701 5348 M
1801 5303 1926 5354 2141101.

312 5391 351 5439 bis
371 5390 404 5450 M,
425 5393 460 5438 sto
476 5390 528 5451 sere
544 5405 646 5453 unipes,
665 5391 708 5439 sal
724 5405 785 5439 corr.
804 5391 948 5451 plenamque
966 5389 982 5436 2
998 5404 1031 5437 m.
1155 5386 1205 5436 215
1223 5389 1353 5435 cummunis
1373 5387 1401 5434 Μ
1511 5388 1586 5435 ubere
1605 5386 1676 5449 aare,
1696 5388 1730 5436 hu
1749 5391 1780 5438 ba
1798 5389 1833 5449 M,
1853 5405 1928 5453 usupra

310 5477 403 5524 litteras
421 5478 584 5526 haliaeetum
601 5476 697 5525 addidit
714 5478 776 5525 21η.
881 5475 932 5524 219
949 5477 1024 5522 stiam
1043 5475 1081 5521 vel
1098 5474 1220 5536 estquod
1238 5473 1311 5532 aaa,
1331 5479 1369 5520 est
1388 5472 1416 5519 Μ
1518 5478 1568 5520 tnta
1586 5472 1620 5533 M,
1641 5479 1699 5521 uota
1720 5476 1799 5523 Vonele
1811 5475 1880 5537 Epeo.
1897 5482 1927 5525 18

311 5561 356 5611 221
378 5576 483 5624 prauam
502 5561 537 5623 M,
556 5566 586 5610 at
602 5564 662 5610 solet
773 5561 822 5611 222
841 5558 926 5610 exibet
943 5566 969 5610 et
987 5561 1179 5608 summumerult
1198 5558 1226 5606 M
1332 5557 1381 5606 221
1401 5572 1492 5606 uocans
1511 5558 1546 5619 M,
1566 5566 1655 5607 numus
1672 5562 1711 5607 vel
1728 5560 1815 5610 uolens
1832 5564 1871 5610 vel
1888 5564 1928 5612 nl·

310 5649 480 5697 dearmatum
498 5648 561 5696 aua
664 5646 714 5696 229
732 5648 821 5696 abibas
841 5646 868 5694 M
970 5644 1018 5694 237
1037 5651 1091 5693 arat
1105 5650 1159 5705 pou
1177 5647 1333 5694 lastinianus
1351 5643 1408 5691 aad.
1429 5644 1493 5693 aaa
1594 5645 1709 5693 menclaum
1725 5651 1826 5706 pravius
1843 5650 1926 5705 latere,

311 5737 446 5784 Iustr'ntnm'
462 5748 550 5783 nomm
567 5736 687 5795 plosserua
704 5748 752 5781 erse
769 5736 907 5795 suspicatus
924 5738 958 5781 ar
975 5731 1051 5779 Burtl
1070 5732 1164 5778 XXXV
1182 5733 1213 5779 13
1228 5746 1254 5791 p.
1278 5732 1343 5779 1609
1473 5729 1522 5779 238
1540 5731 1604 5791 quod
1624 5731 1658 5789 M,
1679 5734 1738 5793 qula
1755 5734 1813 5794 tepu
1830 5735 1894 5782 Bulz

312 5823 402 5870 ulesrlt
415 5820 451 5883 M,
471 5822 566 5869 ulcerat
578 5820 640 5869 aaut.
746 5817 794 5868 213
813 5833 899 5880 posses
916 5818 977 5868 Ritt.
1083 5817 1132 5866 211
1151 5823 1195 5865 ant
1216 5817 1449 5875 1m.,baut·.‘m.
1471 5814 1499 5861 M
1601 5815 1768 5865 iteraturus
1788 5818 1822 5881 M,
1843 5834 1930 5869 secun

311 5906 355 5957 hee
372 5908 459 5957 malim
561 5905 610 5958 211
629 5905 803 5968 triturantium,
822 5911 903 5956 totum
923 5904 951 5955 M
1053 5903 1102 5953 250
1121 5903 1207 5953 hurbis
1224 5909 1250 5950 et
1265 5903 1348 5952 hurbis
1367 5900 1402 5963 M,
1422 5906 1451 5950 ut
1468 5902 1525 5949 noter

1669 6002 1723 6055 le*
