5030 6734
1271 570 1419 627 OORlPPl

922 761 1019 828 huius
1041 768 1074 827 et
1094 761 1216 827 auxilio
1238 780 1371 846 sperans
1393 781 1429 827 se
1451 780 1546 846 posse
1568 760 1667 840 tueri,

923 864 1126 949 oornipedem
1148 864 1262 930 infelix
1283 865 1445 948 geminato
1467 864 1607 949 pondere
1629 864 1747 950 pressit

923 968 1121 1053 impediens,
1147 976 1343 1050 mortemque
1365 968 1425 1033 sibi
1448 968 1545 1033 miser
1566 968 1636 1054 ipse
1658 968 1799 1034 resumit.

925 1070 1068 1153 quisquis
1090 1071 1119 1136 is
1142 1078 1207 1152 est,
1234 1091 1345 1153 quem,
1373 1090 1472 1149 vane,
1499 1070 1595 1149 eolis,
1622 1069 1707 1152 quod
1727 1070 1877 1153 gentibus
1898 1069 1954 1135 ille

925 1173 1138 1257 praesidium,
1164 1194 1247 1257 quae
1270 1173 1369 1256 digna
1389 1174 1447 1239 tibi
1470 1173 1590 1239 solacia
1612 1180 1770 1257 praestat,

926 1275 1002 1339 dum
1023 1282 1057 1340 ta
1080 1282 1180 1341 morte
1202 1276 1308 1357 eadis,
1335 1277 1410 1342 dum
1434 1277 1591 1359 frangitur
1613 1275 1669 1342 ille
1690 1294 1749 1360 per
1770 1275 1892 1353 hostes,

926 1377 1002 1443 dum
1024 1378 1162 1444 eonflant
1183 1379 1320 1445 nitidum
1341 1379 1471 1445 flamma
1492 1381 1635 1446 solvente
1656 1381 1844 1447 metallum?

926 1482 1054 1566 Syrtioa
1074 1503 1132 1567 per
1153 1484 1235 1550 latos
1257 1484 1425 1567 fugiebant
1445 1484 1576 1568 agmina
1597 1504 1744 1570 campos,

926 1606 1009 1670 quae
1031 1586 1241 1652 eiroumfusus
1263 1587 1373 1653 densis
1395 1587 1554 1653 exereitus
1575 1587 1672 1653 armis

926 1690 1123 1772 insequitur,
1149 1697 1295 1758 stamens
1317 1691 1416 1755 variis
1438 1710 1495 1775 per
1516 1690 1613 1756 devia
1634 1690 1721 1756 fatis.

927 1812 987 1858 nee
1008 1792 1111 1877 potuit
1132 1793 1301 1877 quisquam
1323 1794 1483 1859 Romanos
1506 1793 1589 1859 ferre
1611 1802 1782 1876 sequentes

928 1903 1028 1961 morte
1051 1896 1178 1979 gravis,
1204 1897 1360 1962 faeiemve
1382 1897 1481 1981 fugax
1504 1898 1653 1964 oeulosve
1675 1898 1813 1965 retorsit.

929 1999 1086 2084 proieiunt
1108 2020 1202 2066 enses
1224 1998 1333 2084 gelido
1355 2007 1474 2066 terrore
1497 2001 1638 2081 subaeti,
1656 2018 1673 2047 0

929 2102 1186 2188 praecipitesque
1210 2104 1338 2169 uadunt.
1386 2103 1474 2169 facili
1496 2104 1560 2169 iam
1583 2104 1682 2172 caede
1704 2111 1876 2173 trementes

929 2203 1023 2268 miles
1044 2202 1181 2269 acerbus
1202 2202 1283 2293 agit.
1329 2205 1507 2271 Solomonis
1530 2206 1623 2290 signa
1644 2208 1796 2273 retollunt

930 2306 1036 2390 prisea
1057 2304 1135 2386 viri,
1161 2305 1338 2389 lernaeque
1360 2307 1455 2372 simul
1478 2309 1605 2392 captiva
1627 2309 1792 2374 redueunt.

932 2406 1061 2474 horrida
1082 2428 1140 2493 per
1162 2416 1292 2475 eunetos
1315 2418 1498 2476 sternuntur
1519 2411 1634 2477 funera
1656 2431 1796 2496 eampos.

931 2531 989 2596 per
1011 2511 1114 2577 valles
1136 2513 1348 2597 scopulosque
1370 2520 1474 2579 ruunt.
1520 2513 1585 2580 iam
1609 2513 1741 2580 flumina
1762 2516 1921 2601 complent

932 2615 1117 2699 corporibus
1140 2614 1268 2698 densis,
1295 2636 1454 2700 supraque
1478 2617 1637 2683 eadavera
1657 2618 1783 2685 caleant

931 2717 1174 2803 quadrupedes,
1201 2720 1393 2802 quassisque
1415 2721 1508 2786 rubet
1529 2720 1610 2785 levis
1633 2723 1753 2805 ungula
1775 2723 1939 2788 membris.

932 2820 1010 2888 dant
1032 2822 1171 2904 gemitus
1193 2822 1311 2887 miseri.
1358 2823 1490 2906 sanguis
1512 2844 1569 2909 per
1589 2824 1737 2909 gramina
1758 2826 1869 2892 eurrit.

932 2924 966 2989 in
988 2924 1199 3009 manibusque
1223 2925 1325 2991 virum
1347 2934 1509 2993 concretos
1531 2928 1670 3012 glutinat
1690 2948 1784 2995 enses

933 3048 1084 3114 aspersus
1106 3048 1203 3114 super
1223 3049 1315 3094 arma
1335 3049 1436 3095 eruor.
1484 3031 1602 3098 ferrum
1624 3052 1716 3097 omne
1738 3033 1888 3099 rubescit.

933 3131 1081 3198 oeeubuit
1102 3132 1250 3218 prinoeps
1272 3133 1374 3198 multa
1394 3133 1477 3199 inter
1498 3134 1588 3200 milia
1610 3135 1714 3200 lerna.

933 3234 1162 3302 Marmaridum
1183 3255 1241 3301 rex
1261 3235 1318 3300 ille
1340 3234 1428 3301 ferus
1452 3225 1675 3320 quoirdamque
1698 3239 1854 3323 superbus

935 3339 1101 3405 confossus
1123 3337 1222 3404 iaeuit
1242 3338 1359 3404 mediis
1380 3340 1462 3406 bene
1484 3340 1589 3407 nudus
1615 3341 1754 3408 harenis.

1020 3442 1077 3508 ille
1099 3442 1170 3509 dies
1192 3442 1315 3508 emetis
1337 3463 1504 3528 supremus
1525 3444 1676 3528 gentihus
1698 3454 1801 3529 esset,

936 3546 964 3611 si
986 3566 1076 3611 mora
1096 3545 1305 3631 praeeipitem
1326 3546 1484 3612 tenuisset
1502 3568 1657 3633 prospera
1679 3549 1798 3633 sulem,

936 3649 1013 3716 feeit
1035 3656 1070 3715 ut
1091 3656 1166 3715 ante
1188 3649 1302 3714 semel.
1348 3649 1412 3714 iam
1434 3650 1562 3735 pronior
1584 3652 1694 3718 ordine
1717 3660 1802 3719 eerto

936 3753 1026 3833 anis,
1051 3751 1085 3817 in
1107 3751 1249 3818 oeeiduis
1271 3772 1466 3818 summersus
1487 3753 1666 3839 flammiger
1688 3756 1799 3839 undis,

812 3880 823 3920 r
937 3876 978 3921 ex
1000 3855 1101 3921 oeulis
1124 3862 1300 3938 gentesque
1322 3855 1401 3937 fuga
1422 3855 1606 3940 bellumque
1627 3860 1768 3925 tenebris

938 3959 1072 4044 eripuit,
1098 3958 1260 4041 fortesque
1282 3958 1370 4025 aeies
1392 3957 1426 4023 in
1447 3968 1554 4026 matra
1577 3961 1713 4029 reduxit.

1420 4155 1516 4162 -κ

992 4366 1155 4464 uranu
1186 4364 1402 4463 saurus
1442 4367 1733 4491 (ovlllvs).

1029 4581 1172 4647 Viatores
1194 4580 1356 4664 placidam
1379 4581 1512 4647 Romani
1533 4591 1626 4648 noete
1648 4583 1786 4665 quietem

943 4705 1007 4751 non
1028 4704 1138 4751 omues
1160 4684 1281 4768 petiere
1304 4683 1419 4769 simul,
1446 4684 1505 4751 sed
1526 4693 1632 4752 eastra
1654 4687 1795 4752 vicissim

943 4793 1133 4854 eonserrant
1153 4786 1235 4852 lueri
1256 4787 1391 4871 vigiles,
1416 4809 1476 4856 nee
1497 4789 1620 4855 lumina
1642 4790 1805 4856 olauduut.

943 4891 1030 4957 laeta
1051 4909 1109 4975 per
1129 4889 1293 4957 insomnes
1314 4880 1496 4959 diseurrunt
1516 4892 1638 4977 gaudia
1660 4901 1794 4960 mentes.

944 4993 1056 5059 militis
1076 4992 1223 5058 indomiti
1245 4994 1354 5059 nullus
1374 5003 1447 5081 post
1468 4996 1591 5081 proelia
1613 4996 1763 5062 membris

944 5104 1050 5182 torpor
1070 5095 1164 5161 inest.
1212 5117 1347 5180 quassos
1369 5099 1471 5165 refioit
1492 5099 1626 5165 viomda
1647 5119 1781 5182 nervos,

943 5200 1155 5284 virtutemque
1176 5208 1274 5266 novat
1295 5210 1408 5287 eaptae
1430 5221 1505 5287 spes
1525 5202 1638 5269 addita
1660 5202 1818 5289 praedae,

944 5311 977 5370 et
998 5305 1143 5371 relevant
1164 5304 1288 5369 animos
1310 5304 1366 5371 fidi
1388 5305 1544 5390 promissa
1566 5306 1724 5390 magistri.

631 5550 697 5602 1113
714 5551 830 5613 quiaquia
842 5551 863 5598 la
875 5548 963 5611 sess,
983 5549 1097 5611 quisquis
1114 5549 1141 5610 Τ,
1162 5551 1219 5611 quis
1231 5549 1347 5611 quisnam
1359 5546 1438 5598 Mara.
1546 5548 1610 5599 1141
1629 5552 1678 5600 albi
1691 5551 1789 5599 sollatla
1800 5557 1895 5612 prestet
1911 5549 1932 5598 Τ
2037 5551 2102 5601 1115
2119 5553 2178 5601 dum

560 5644 590 5688 tu
604 5637 693 5696 Musa„
706 5639 816 5699 dumque
833 5636 854 5684 Τ
957 5635 1022 5686 1146
1039 5638 1148 5685 multant
1159 5638 1252 5698 scripsi,
1267 5637 1359 5684 condat
1375 5635 1395 5682 Τ
1474 5636 1602 5684 metallum
1615 5636 1705 5697 Mosa„
1719 5639 1853 5687 maxillam
1867 5638 1888 5684 Τ
1994 5637 2059 5688 1118
2077 5640 2179 5687 elruom-

560 5727 634 5774 furus
651 5725 671 5772 Τ
759 5721 1050 5783 interamnenses,
1064 5729 1200 5771 exteraens
1216 5722 1245 5783 Τ,
1260 5728 1356 5770 testera
1369 5720 1447 5770 Muza.
1546 5720 1607 5771 1151
1621 5724 1704 5784 maula
1721 5723 1748 5785 Τ,
1762 5737 1851 5783 graues
1862 5725 1949 5773 malm
2035 5727 2133 5773 retorsit
2149 5725 2176 5781 Τ,

560 5812 666 5859 retraxit
674 5810 733 5870 lepti
744 5808 822 5859 Maza.
895 5807 960 5858 1151
972 5810 1069 5858 aubaetl
1078 5809 1165 5870 Batia,
1177 5810 1279 5857 subacto
1291 5808 1311 5856 Τ
1384 5807 1450 5857 1161)
1460 5808 1562 5856 miseros
1575 5809 1595 5855 Τ
1664 5809 1724 5858 ltol
1737 5817 1867 5859 concretus
1878 5810 1955 5859 Musa.
2027 5812 2148 5869 gtuatluat
2161 5811 2181 5857 Τ

635 5895 645 5944 1
666 5895 767 5942 uictoris
790 5895 810 5941 Τ
912 5894 1008 5943 alneu
1030 5894 1059 5955 Τ,
1080 5896 1138 5944 laeti
1157 5902 1183 5944 et
1202 5894 1277 5944 Muza.
