5042 6726
523 545 636 611 XXVI
889 577 895 589 ·
1227 544 1455 600 Pltoonnlvu.

525 767 641 853 proelii
662 767 750 853 apud
772 769 958 854 Procopium
982 768 1177 834 mentionem
1200 768 1320 833 frustra
1341 767 1552 849 quaesiveris,
1599 767 1732 851 Pugnae
1754 767 1930 849 Nisibcnsi,
1957 788 2022 850 qua
2044 770 2152 832 11541

525 886 659 953 inferior
680 887 834 953 Nabedes
856 887 1023 971 discessit,
1055 887 1241 953 interfuisse
1263 887 1439 952 Iohannem
1462 886 1637 971 Procopius
1659 906 1785 969 quoqne
1809 894 1981 969 memorat,
2014 886 2072 953 sed
2094 907 2158 952 non

526 1006 697 1088 victoriae,
730 1007 828 1072 immo
862 1007 998 1092 periculi
1027 1007 1154 1091 magni,
1189 1005 1275 1089 quod
1296 1006 1447 1072 Belisarii
1468 1006 1638 1088 vigilantia
1667 1012 1700 1071 et
1721 1006 1886 1097 celeritate
1908 1005 2079 1091 depulsum
2103 1005 2155 1087 sit,

524 1132 687 1192 auctorem
715 1127 920 1193 temerarium
948 1125 1104 1211 facitur).
1157 1126 1294 1191 Indutiis
1327 1125 1411 1191 inter
1438 1124 1653 1190 lastinianum
1683 1125 1967 1191 etChosroe‘ma.
1993 1128 2157 1210 1146111111-
2186 1146 2194 1153 “

524 1245 567 1310 tis
589 1266 709 1330 magna
730 1254 815 1311 certe
838 1266 914 1331 pars
935 1247 1104 1327 exercitus,
1130 1246 1184 1329 qui
1206 1246 1341 1311 limitem
1363 1244 1490 1330 imperii
1511 1244 1700 1310 orientalem
1722 1244 1922 1326 defenderat,
1947 1244 1980 1309 in
1995 1245 2156 1328 Europam

525 1365 666 1431 revertit.
713 1365 874 1430 Iohannes
904 1365 1000 1431 etiam
1031 1365 1141 1449 paullo
1163 1374 1235 1449 post
1256 1364 1564 1449 Constantinopolim
1586 1338 1753 1430 revocatus
1774 1370 1807 1429 et
1828 1362 2000 1429 Africanae
2022 1362 2157 1428 militias

525 1483 709 1568 praefectus
738 1492 798 1550 cst.
853 1486 933 1550 Cum
964 1490 1072 1550 autem
1101 1504 1164 1549 non
1194 1494 1302 1550 vetere
1331 1485 1388 1550 illo
1418 1484 1560 1549 exercitu
1582 1482 1752 1565 Africano,
1786 1482 1877 1547 errius
1906 1481 1965 1548 flos
1994 1502 2033 1548 ac
2061 1481 2158 1547 robur
2226 1466 2229 1467 ⁷

525 1603 673 1669 cladibus
694 1604 794 1669 tantis
817 1604 969 1683 deletum,
997 1604 1087 1668 ouius
1109 1603 1282 1688 disciplina
1304 1603 1474 1668 discordiis
1497 1603 1681 1684 ductorum,
1707 1601 1928 1683 seditionibus,
1954 1601 2064 1686 inopia
2087 1620 2158 1667 cor·

524 1730 727 1807 supererat,
759 1723 870 1789 Africa
892 1723 933 1788 ab
960 1722 1105 1787 hostibus
1135 1742 1267 1788 numero
1296 1723 1532 1807 superioribus,
1566 1721 1717 1788 victoriae
1747 1722 1851 1805 gloria
1879 1721 1999 1786 inflatis
2026 1720 2158 1786 liberari

524 1849 645 1925 posset,
671 1841 869 1908 Iustinianus
891 1842 1066 1908 exercitum
1089 1862 1206 1907 novum
1230 1841 1377 1924 collegit,
1403 1842 1458 1925 qui
1481 1843 1586 1907 classe
1608 1858 1820 1925 magnacum
1843 1842 1998 1926 magistro
2019 1839 2156 1905 militum

526 1962 754 2045 Carthaginem
776 1962 948 2027 veheretur
959 1964 1023 2043 ¹³⁰).
1071 1962 1229 2046 Prospera
1257 1961 1465 2044 navigatione
1494 1981 1554 2026 usa
1576 1961 1691 2026 classis
1714 1961 1847 2027 Siciliae
1869 1961 1902 2025 in
1924 1967 2049 2044 portum
2071 1960 2158 2025 Cau-

525 2099 607 2145 oana
636 2080 839 2166 pervenit¹³¹)
854 2110 871 2162 ,·
894 2078 970 2145 inde
999 2080 1032 2145 in
1060 2080 1202 2146 Africam
1230 2081 1356 2146 traiecit
1383 2080 1537 2164 brevique
1565 2088 1757 2166 tempestate
1786 2080 1905 2145 territa
1926 2079 2032 2163 magis
2060 2099 2157 2161 quam

524 2199 647 2266 afflicta
668 2199 805 2284 primum
829 2198 871 2263 ad
894 2199 1025 2281 Byzacii
1048 2200 1295 2283 promontorium
1317 2200 1424 2283 Caput
1444 2200 1538 2264 Vada
1566 2206 1658 2281 (nunc
1673 2201 1738 2264 Ras
1754 2200 1932 2284 Kapudial,
1958 2199 2064 2265 triduo
2085 2205 2158 2283 post

527 2318 755 2402 Carthaginem
777 2336 878 2383 nares
901 2317 1027 2401 appulit
1054 2319 1157 2397 (anno,
1183 2328 1218 2383 ut
1239 2319 1377 2397 videtur,
1404 2322 1466 2383 546
1489 2322 1636 2401 exeunte)
1653 2320 1718 2399 ¹³²).

612 2437 807 2503 Escensione
838 2436 925 2500 facta
954 2457 1050 2519 quam
1079 2437 1181 2521 potuit
1210 2438 1374 2503 celerrime
1405 2437 1514 2521 copias
1543 2456 1655 2503 omnes
1677 2438 1837 2502 lohannes
1866 2438 1944 2503 urbe
1968 2438 2079 2504 eduxit
2089 2440 2153 2521 133).

526 2557 600 2623 Non
623 2576 775 2640 magnum
797 2555 897 2620 fuisse
920 2555 1095 2621 exercitum
1118 2576 1310 2639 quamquam
1334 2557 1478 2640 pluribus
1500 2557 1579 2622 locis
1602 2557 1759 2642 Corippus
1781 2557 2020 2643 profitetur'll),
2048 2564 2156 2623 tamen

524 2677 661 2742 militum
691 2695 858 2740 numerum
886 2680 1033 2740 accurate
1062 2694 1219 2757 nusquam
1249 2675 1382 2741 indicat.
1431 2676 1544 2742 Partes
1573 2682 1697 2742 tantum
1726 2677 1886 2742 exercitus
1917 2684 1993 2760 quot
2021 2675 2150 2755 fuerint,

524 2802 639 2881 poetae
662 2795 768 2860 verbis
791 2795 972 2875 edocemur,
998 2792 1053 2859 ubi
1075 2794 1193 2860 milites
1217 2814 1256 2859 ex
1279 2794 1356 2859 urbe
1380 2794 1475 2877 signa
1496 2795 1666 2861 efferentes
1689 2796 1844 2881 depingit,
1870 2816 1965 2861 versu
1988 2797 2003 2860 Ι
2027 2799 2090 2861 416

930 2914 1058 2997 iamque
1080 2933 1194 2978 norem
1218 2914 1291 2979 latis
1314 2922 1483 2998 erumpunt
1505 2914 1636 2997 agmina
1658 2915 1768 3000 portis.

524 3035 665 3118 Egregie
698 3053 770 3099 oum
803 3033 864 3098 hoo
897 3034 966 3098 loco
999 3034 1073 3099 libri
1105 3032 1210 3115 quarti
1242 3052 1356 3098 versus
1388 3033 1433 3096 IV
1466 3036 1650 3099 471-563
1684 3036 1896 3119 conveniunt,
1941 3035 2058 3117 quibus
2090 3035 2155 3099 Ro·

524 3174 690 3219 manorum
723 3153 810 3219 acies
843 3152 998 3219 instructa
1030 3153 1077 3217 ita
1110 3151 1318 3233 describitur,
1354 3161 1391 3219 ut
1419 3174 1544 3235 corum,
1586 3154 1640 3237 qui
1673 3154 1810 3238 singulis
1842 3154 2027 3238 agminibus
2060 3173 2155 3239 prae-

524 3274 661 3354 fuerint,
699 3272 828 3337 nomina
860 3278 1084 3338 memorentur.
1131 3272 1165 3337 Si
1193 3273 1375 3336 Maurorum
1408 3271 1642 3338 foederatorum
1672 3274 1813 3339 Cusinas
1845 3282 1879 3339 et
1910 3273 2064 3339 Idsdaias
2096 3294 2155 3338 no-

523 3393 612 3459 mina
644 3392 837 3475 secreveris,
879 3399 1051 3477 supersunt
1082 3411 1212 3456 novem:
1256 3392 1393 3457 Gentius
1430 3392 1583 3475 magister
1615 3392 1770 3475 militum,
1809 3393 2029 3474 Putzintulus,
2070 3393 2154 3458 Gre-

522 3513 651 3596 gorius,
685 3511 858 3591 Geisirith‚
888 3511 1062 3577 blarturius
1083 3511 1248 3577 tribunus.
1281 3511 1441 3577 lohannes
1464 3511 1587 3594 senior,
1621 3512 1823 3593 Fronimuth,
1849 3511 2062 3593 Marcentius,
2088 3513 2155 3577 Ta-

522 3631 615 3696 rasis.
663 3630 737 3696 Non
759 3632 923 3697 nominum
945 3651 966 3696 a
987 3638 1082 3715 poeta
1104 3629 1247 3695 fictorum
1271 3631 1400 3696 umbras
1422 3631 1553 3711 inanes,
1588 3631 1646 3697 scd
1667 3650 1761 3697 veras
1789 3630 1923 3714 ducum,
1957 3631 2011 3712 qui
2034 3630 2175 3697 bolluml

522 3750 699 3816 Mauricum
722 3759 909 3835 gesserunt,
942 3768 1095 3835 personas
1124 3769 1144 3814 a
1171 3757 1266 3834 poeta
1292 3749 1402 3815 induci
1433 3771 1493 3834 ego
1523 3770 1710 3834 persuasum
1738 3751 1853 3816 habeo.
1902 3751 2050 3816 Ceterum
2073 3749 2176 3815 duo-⁸

613 4094 670 4153 129)
692 4095 760 4144 Proc.
780 4097 805 4144 b.
827 4094 895 4144 Pers.
916 4094 940 4142 ll
961 4092 1002 4143 17.
1024 4091 1064 4145 18.

613 4196 671 4247 1311)
693 4196 746 4246 Cor.
767 4198 821 4247 loh.
842 4198 854 4244 l
874 4194 921 4245 125
940 4196 1064 4258 principis
1083 4196 1198 4256 imperiis
1217 4202 1353 4243 onerantur
1371 4196 1452 4243 millts
1469 4208 1581 4258 puppes,

937 4282 1062 4341 lmpeusls
1080 4281 1204 4342 armisque
1223 4282 1314 4339 simnl;
1336 4295 1484 4344 pugnasque
1502 4281 1628 4332 docendus

938 4366 1051 4413 mittitur
1068 4366 1189 4426 auspiciis
1207 4365 1350 4414 domiturus
1368 4366 1437 4414 belis
1455 4367 1568 4425 magistri

937 4455 986 4502 tiro
1004 4452 1074 4501 rudis
1092 4452 1186 4512 magni.

559 4552 561 4557 ⁴
614 4550 670 4615 131)
693 4552 748 4603 Cor.
768 4554 822 4603 loh.
842 4555 854 4601 l
875 4552 1020 4604 ros-231.

613 4653 670 4718 131)
692 4654 747 4704 Cor.
768 4656 821 4708 lolr.
840 4657 853 4703 l
872 4655 931 4705 369.
952 4656 1012 4709 4111.
1049 4657 1187 4719 Temporis,
1208 4669 1257 4718 quo
1274 4656 1400 4705 lohannes
1418 4658 1446 4705 in
1464 4656 1577 4705 Africam
1596 4659 1676 4716 venit,
1696 4657 1821 4706 indicium
1838 4657 1968 4704 invenisse
1986 4655 2049 4703 mlhl
2068 4653 2154 4702 videor

524 4743 551 4790 in
570 4742 687 4789 versibus
705 4741 758 4791 loli.
779 4741 817 4790 lll
835 4739 951 4802 13-11,
979 4743 1073 4804 qulbus
1091 4742 1215 4791 lohannes
1239 4743 1358 4801 mugistor
1382 4755 1447 4791 suno
1466 4741 1516 4792 533
1542 4744 1636 4790 minore
1658 4756 1716 4791 cum
1741 4742 1831 4790 sudore
1850 4748 1876 4788 et
1893 4740 2003 4802 periculo
2021 4742 2049 4793 in
2068 4739 2153 4788 Africo

522 4829 647 4877 baustum
671 4840 727 4876 asse
749 4828 870 4887 sidrmst,
897 4840 1047 4889 quamqusm
1065 4833 1128 4876 tunc
1146 4828 1208 4875 snut
1226 4833 1339 4889 tempore
1356 4828 1476 4877 cslldlors
1494 4828 1635 4876 sutumnsll
1653 4841 1710 4875 cnm
1728 4827 1844 4875 hostibus
1862 4825 2046 4885 confligendum
2064 4824 2150 4872 fnsrit.

523 4913 588 4962 lnds
611 4914 712 4962 slncers
735 4913 798 4971 mihi
821 4913 919 4961 ridetur
942 4913 1050 4974 primam
1068 4911 1189 4961 Iohannis
1205 4925 1332 4974 pugnum,
1360 4913 1435 4961 culus
1453 4920 1564 4976 tempore
1582 4914 1729 4972 magistrum
1747 4911 1810 4961 lissc
1827 4913 1901 4959 rerba
1918 4912 2063 4972 loquentem
2081 4910 2155 4972 poeta

524 5000 592 5061 tecit,
613 4999 674 5047 snul
691 5004 802 5060 tempore
821 4998 957 5059 frigidiore,
977 4996 1063 5047 hiems
1081 4996 1158 5060 54617
1178 4998 1334 5046 commissum
1352 5010 1417 5047 esse.

615 5099 671 5165 133)
693 5096 1079 5157 Ptoc.b.Vsnd.1128‘obroc
1097 5096 1111 5150 ὁ
1128 5094 1249 5165 Ἰωάννης
1267 5096 1322 5149 ἐπεὶ
1339 5096 1447 5170 τάχιστα
1465 5095 1491 5149 lu
1511 5094 1594 5165 Λιβύῃ
1614 5094 1724 5166 ἐγένετο,
1744 5092 1855 5164 'Acidis
1872 5112 1899 5147 τε
1916 5096 1960 5148 ml
1978 5090 2152 5164 Μαυρουσίοις

524 5188 581 5243 τοῖς
598 5184 625 5237 ἐν
643 5180 765 5252 Βυζαιι1ῳ
784 5183 810 5242 lc
827 5188 918 5255 χεῖρας
936 5182 1030 5238 ἐλθών.

689 5271 745 5321 Cor.
765 5272 818 5322 loli.
839 5272 851 5318 I
869 5270 918 5320 411
936 5272 1010 5321 lltors
1027 5273 1072 5320 vix
1090 5272 1179 5334 primis
1198 5271 1277 5330 llgens
1295 5269 1402 5328 vestigia
1419 5268 1515 5329 plsntls

937 5358 1090 5418 contigerat:
1112 5357 1208 5418 osmpls
1226 5356 1293 5404 scies
1309 5355 1382 5403 exire
1399 5354 1514 5403 lubebat.

614 5459 671 5523 134)
693 5459 749 5510 Cor.
768 5460 822 5509 ioh.
842 5460 852 5506 l
871 5457 921 5508 cst
1300 5465 1328 5506 tu
1346 5456 1429 5505 milite
1447 5469 1536 5517 paruo,

937 5544 988 5593 lam
1006 5545 1132 5606 periture,
1153 5556 1221 5593 meus
1239 5542 1318 5593 sudes
1335 5542 1375 5590 val
1393 5554 1496 5591 csrnsrs
1514 5543 1628 5590 turmas?

818 5629 853 5676 lv
872 5627 922 5678 316
940 5642 1002 5690 qnos
1019 5625 1084 5695 [scil.
1104 5624 1204 5696 gentas]
1223 5636 1307 5681 tamen
1326 5640 1383 5678 scos
1400 5634 1473 5691 purat
1490 5627 1578 5677 ductor
1595 5631 1718 5690 temptare
1736 5628 1859 5676 lohannes

938 5714 1020 5763 milite
1038 5728 1095 5763 cnm
1113 5728 1197 5776 parvo.

819 5800 854 5845 lv
873 5798 919 5848 661
940 5800 1023 5848 milite
1040 5813 1098 5849 cunr
1116 5813 1191 5862 parvo
1209 5801 1314 5847 renisus
1333 5804 1403 5846 vorat
1420 5810 1478 5846 eccs
1497 5797 1632 5847 lohannes.
