<?xml version="1.0" encoding="UTF-8"?>
<!DOCTYPE html PUBLIC "-//W3C//DTD XHTML 1.0 Transitional//EN"
    "http://www.w3.org/TR/xhtml1/DTD/xhtml1-transitional.dtd">
<html xmlns="http://www.w3.org/1999/xhtml" xml:lang="en" lang="en">
 <head>
  <title>
</title>
<meta http-equiv="Content-Type" content="text/html;charset=utf-8" />
  <meta name='ocr-system' content='tesseract 3.04.00' />
  <meta name='ocr-capabilities' content='ocr_page ocr_carea ocr_par ocr_line ocrx_word'/>
</head>
<body>
  <div class='ocr_page' id='page_1' title='image "./corippiafricani00partgoog_0094.png"; bbox 0 0 5030 6734; ppageno 0'>
   <div class='ocr_carea' id='block_1_1' title="bbox 974 541 1350 600">
    <p class='ocr_par' dir='ltr' id='par_1_1' title="bbox 974 541 1350 600">
     <span class='ocr_line' id='line_1_1' title="bbox 974 541 1350 600; baseline -0.005 -2"><span class='ocrx_word' id='word_1_1' title='bbox 974 541 1203 600; x_wconf 78' lang='lat' dir='ltr'><strong>IOHANNIDOS</strong></span> <span class='ocrx_word' id='word_1_2' title='bbox 1222 544 1292 599; x_wconf 89' lang='lat' dir='ltr'><strong>LlB.</strong></span> <span class='ocrx_word' id='word_1_3' title='bbox 1314 544 1350 599; x_wconf 93' lang='lat' dir='ltr'><strong>Il.</strong></span> 
     </span>
    </p>
   </div>
   <div class='ocr_carea' id='block_1_2' title="bbox 669 734 2434 4641">
    <p class='ocr_par' dir='ltr' id='par_1_2' title="bbox 740 734 1710 922">
     <span class='ocr_line' id='line_1_2' title="bbox 741 734 1710 819; baseline 0 -18"><span class='ocrx_word' id='word_1_4' title='bbox 741 755 813 801; x_wconf 86' lang='lat' dir='ltr'><strong>esse</strong></span> <span class='ocrx_word' id='word_1_5' title='bbox 837 755 913 817; x_wconf 88' lang='lat' dir='ltr'><strong>sua,</strong></span> <span class='ocrx_word' id='word_1_6' title='bbox 940 741 976 801; x_wconf 93' lang='lat' dir='ltr'><strong>ut</strong></span> <span class='ocrx_word' id='word_1_7' title='bbox 996 741 1125 800; x_wconf 87' lang='lat' dir='ltr'><strong>eunotos</strong></span> <span class='ocrx_word' id='word_1_8' title='bbox 1148 734 1314 816; x_wconf 86' lang='lat' dir='ltr'><strong>salvetque</strong></span> <span class='ocrx_word' id='word_1_9' title='bbox 1339 734 1517 817; x_wconf 74' lang='lat' dir='ltr'>habeatque</span> <span class='ocrx_word' id='word_1_10' title='bbox 1539 743 1710 819; x_wconf 89' lang='lat' dir='ltr'><strong>regatque,</strong></span> 
     </span>
     <span class='ocr_line' id='line_1_3' title="bbox 740 836 1592 922; baseline -0.002 -19"><span class='ocrx_word' id='word_1_11' title='bbox 740 838 901 904; x_wconf 88' lang='lat' dir='ltr'><strong>subieetos</strong></span> <span class='ocrx_word' id='word_1_12' title='bbox 923 838 1087 919; x_wconf 86' lang='lat' dir='ltr'><strong>relevans,</strong></span> <span class='ocrx_word' id='word_1_13' title='bbox 1113 836 1268 920; x_wconf 83' lang='lat' dir='ltr'><strong>frangens</strong></span> <span class='ocrx_word' id='word_1_14' title='bbox 1289 836 1405 903; x_wconf 82' lang='lat' dir='ltr'><strong>virtute</strong></span> <span class='ocrx_word' id='word_1_15' title='bbox 1428 837 1592 922; x_wconf 87' lang='lat' dir='ltr'><strong>superbos.</strong></span> 
     </span>
    </p>

    <p class='ocr_par' dir='ltr' id='par_1_3' title="bbox 740 941 1636 1131">
     <span class='ocr_line' id='line_1_4' title="bbox 741 941 1581 1025; baseline -0.001 -18"><span class='ocrx_word' id='word_1_16' title='bbox 741 962 804 1007; x_wconf 92' lang='lat' dir='ltr'><strong>non</strong></span> <span class='ocrx_word' id='word_1_17' title='bbox 826 948 882 1007; x_wconf 83' lang='lat' dir='ltr'><strong>tna</strong></span> <span class='ocrx_word' id='word_1_18' title='bbox 903 941 1061 1007; x_wconf 78' lang='lat' dir='ltr'><strong>sollicitus</strong></span> <span class='ocrx_word' id='word_1_19' title='bbox 1082 947 1192 1007; x_wconf 90' lang='lat' dir='ltr'><strong>teneat</strong></span> <span class='ocrx_word' id='word_1_20' title='bbox 1213 941 1307 1005; x_wconf 91' lang='lat' dir='ltr'><strong>modo</strong></span> <span class='ocrx_word' id='word_1_21' title='bbox 1329 948 1458 1025; x_wconf 76' lang='lat' dir='ltr'>pectora</span> <span class='ocrx_word' id='word_1_22' title='bbox 1481 948 1581 1006; x_wconf 91' lang='lat' dir='ltr'><strong>terror</strong></span> 
     </span>
     <span class='ocr_line' id='line_1_5' title="bbox 740 1043 1636 1131; baseline 0 -20"><span class='ocrx_word' id='word_1_23' title='bbox 740 1044 880 1131; x_wconf 77' lang='lat' dir='ltr'><strong>puocatis</strong></span> <span class='ocrx_word' id='word_1_24' title='bbox 901 1044 1053 1111; x_wconf 82' lang='lat' dir='ltr'><strong>obstricta</strong></span> <span class='ocrx_word' id='word_1_25' title='bbox 1074 1043 1150 1110; x_wconf 87' lang='lat' dir='ltr'><strong>tuis.</strong></span> <span class='ocrx_word' id='word_1_26' title='bbox 1197 1063 1334 1127; x_wconf 90' lang='lat' dir='ltr'><strong>namque</strong></span> <span class='ocrx_word' id='word_1_27' title='bbox 1358 1043 1464 1110; x_wconf 88' lang='lat' dir='ltr'><strong>omnia</strong></span> <span class='ocrx_word' id='word_1_28' title='bbox 1487 1053 1636 1129; x_wconf 83' lang='lat' dir='ltr'><strong>prosunt,</strong></span> 
     </span>
    </p>

    <p class='ocr_par' dir='ltr' id='par_1_4' title="bbox 739 1147 1586 1231">
     <span class='ocr_line' id='line_1_6' title="bbox 739 1147 1586 1231; baseline -0.001 -18"><span class='ocrx_word' id='word_1_29' title='bbox 739 1148 767 1214; x_wconf 94' lang='lat' dir='ltr'><strong>si</strong></span> <span class='ocrx_word' id='word_1_30' title='bbox 789 1148 920 1229; x_wconf 88' lang='lat' dir='ltr'><strong>redeas,</strong></span> <span class='ocrx_word' id='word_1_31' title='bbox 945 1147 1138 1230; x_wconf 84' lang='lat' dir='ltr'><strong>veniamque</strong></span> <span class='ocrx_word' id='word_1_32' title='bbox 1160 1147 1219 1213; x_wconf 90' lang='lat' dir='ltr'><strong>tibi</strong></span> <span class='ocrx_word' id='word_1_33' title='bbox 1241 1166 1417 1231; x_wconf 89' lang='lat' dir='ltr'><strong>paoemque</strong></span> <span class='ocrx_word' id='word_1_34' title='bbox 1439 1148 1586 1214; x_wconf 89' lang='lat' dir='ltr'><strong>volentes</strong></span> 
     </span>
    </p>

    <p class='ocr_par' dir='ltr' id='par_1_5' title="bbox 737 1250 1697 2163">
     <span class='ocr_line' id='line_1_7' title="bbox 738 1250 1678 1336; baseline 0 -20"><span class='ocrx_word' id='word_1_35' title='bbox 738 1252 820 1316; x_wconf 89' lang='lat' dir='ltr'><strong>ultro</strong></span> <span class='ocrx_word' id='word_1_36' title='bbox 843 1250 969 1316; x_wconf 76' lang='lat' dir='ltr'><strong>darum.</strong></span> <span class='ocrx_word' id='word_1_37' title='bbox 1016 1250 1157 1332; x_wconf 77' lang='lat' dir='ltr'><strong>discent,</strong></span> <span class='ocrx_word' id='word_1_38' title='bbox 1183 1270 1266 1333; x_wconf 91' lang='lat' dir='ltr'><strong>quae</strong></span> <span class='ocrx_word' id='word_1_39' title='bbox 1288 1250 1331 1316; x_wconf 89' lang='lat' dir='ltr'><strong>sit</strong></span> <span class='ocrx_word' id='word_1_40' title='bbox 1352 1251 1496 1317; x_wconf 90' lang='lat' dir='ltr'><strong>Romana</strong></span> <span class='ocrx_word' id='word_1_41' title='bbox 1518 1258 1678 1336; x_wconf 89' lang='lat' dir='ltr'><strong>potestas,</strong></span> 
     </span>
     <span class='ocr_line' id='line_1_8' title="bbox 737 1353 1639 1439; baseline -0.001 -19"><span class='ocrx_word' id='word_1_42' title='bbox 737 1361 783 1420; x_wconf 88' lang='lat' dir='ltr'><strong>tot</strong></span> <span class='ocrx_word' id='word_1_43' title='bbox 805 1353 932 1439; x_wconf 92' lang='lat' dir='ltr'><strong>populi,</strong></span> <span class='ocrx_word' id='word_1_44' title='bbox 958 1360 991 1420; x_wconf 87' lang='lat' dir='ltr'><strong>et</strong></span> <span class='ocrx_word' id='word_1_45' title='bbox 1012 1373 1094 1437; x_wconf 88' lang='lat' dir='ltr'><strong>quae</strong></span> <span class='ocrx_word' id='word_1_46' title='bbox 1117 1353 1160 1419; x_wconf 88' lang='lat' dir='ltr'><strong>sit</strong></span> <span class='ocrx_word' id='word_1_47' title='bbox 1181 1353 1286 1438; x_wconf 88' lang='lat' dir='ltr'><strong>pietas</strong></span> <span class='ocrx_word' id='word_1_48' title='bbox 1308 1354 1472 1437; x_wconf 87' lang='lat' dir='ltr'><strong>virtusque</strong></span> <span class='ocrx_word' id='word_1_49' title='bbox 1495 1353 1639 1438; x_wconf 90' lang='lat' dir='ltr'><strong>regendi.</strong></span> 
     </span>
     <span class='ocr_line' id='line_1_9' title="bbox 737 1457 1594 1541; baseline 0 -17"><span class='ocrx_word' id='word_1_50' title='bbox 737 1478 820 1541; x_wconf 88' lang='lat' dir='ltr'><strong>quae</strong></span> <span class='ocrx_word' id='word_1_51' title='bbox 843 1457 993 1523; x_wconf 88' lang='lat' dir='ltr'><strong>miserum</strong></span> <span class='ocrx_word' id='word_1_52' title='bbox 1016 1457 1143 1523; x_wconf 85' lang='lat' dir='ltr'><strong>fortuna</strong></span> <span class='ocrx_word' id='word_1_53' title='bbox 1163 1463 1273 1524; x_wconf 74' lang='lat' dir='ltr'><strong>tenet?</strong></span> <span class='ocrx_word' id='word_1_54' title='bbox 1316 1463 1466 1524; x_wconf 88' lang='lat' dir='ltr'><strong>nosteme</strong></span> <span class='ocrx_word' id='word_1_55' title='bbox 1488 1457 1594 1524; x_wconf 88' lang='lat' dir='ltr'><strong>fidelis</strong></span> 
     </span>
     <span class='ocr_line' id='line_1_10' title="bbox 739 1560 1631 1646; baseline 0.001 -20"><span class='ocrx_word' id='word_1_56' title='bbox 739 1580 866 1645; x_wconf 90' lang='lat' dir='ltr'><strong>semper</strong></span> <span class='ocrx_word' id='word_1_57' title='bbox 887 1579 977 1643; x_wconf 86' lang='lat' dir='ltr'><strong>eras,</strong></span> <span class='ocrx_word' id='word_1_58' title='bbox 1003 1560 1118 1626; x_wconf 90' lang='lat' dir='ltr'><strong>nostris</strong></span> <span class='ocrx_word' id='word_1_59' title='bbox 1141 1560 1255 1626; x_wconf 89' lang='lat' dir='ltr'><strong>solitus</strong></span> <span class='ocrx_word' id='word_1_60' title='bbox 1277 1561 1419 1643; x_wconf 85' lang='lat' dir='ltr'><strong>gaudere</strong></span> <span class='ocrx_word' id='word_1_61' title='bbox 1443 1561 1631 1646; x_wconf 81' lang='lat' dir='ltr'>triumphis,</span> 
     </span>
     <span class='ocr_line' id='line_1_11' title="bbox 737 1663 1697 1749; baseline -0.002 -18"><span class='ocrx_word' id='word_1_62' title='bbox 737 1671 813 1731; x_wconf 88' lang='lat' dir='ltr'><strong>tune</strong></span> <span class='ocrx_word' id='word_1_63' title='bbox 835 1663 915 1730; x_wconf 89' lang='lat' dir='ltr'><strong>bene</strong></span> <span class='ocrx_word' id='word_1_64' title='bbox 939 1663 1124 1729; x_wconf 73' lang='lat' dir='ltr'><strong>subiectus?</strong></span> <span class='ocrx_word' id='word_1_65' title='bbox 1167 1683 1251 1744; x_wconf 88' lang='lat' dir='ltr'><strong>quae</strong></span> <span class='ocrx_word' id='word_1_66' title='bbox 1273 1670 1305 1729; x_wconf 87' lang='lat' dir='ltr'><strong>te</strong></span> <span class='ocrx_word' id='word_1_67' title='bbox 1327 1664 1414 1729; x_wconf 88' lang='lat' dir='ltr'><strong>mala</strong></span> <span class='ocrx_word' id='word_1_68' title='bbox 1436 1664 1504 1730; x_wconf 85' lang='lat' dir='ltr'><strong>fata</strong></span> <span class='ocrx_word' id='word_1_69' title='bbox 1526 1666 1697 1749; x_wconf 90' lang='lat' dir='ltr'><strong>superbum</strong></span> 
     </span>
     <span class='ocr_line' id='line_1_12' title="bbox 738 1765 1659 1834; baseline 0 -1"><span class='ocrx_word' id='word_1_70' title='bbox 738 1766 780 1833; x_wconf 88' lang='lat' dir='ltr'><strong>ad</strong></span> <span class='ocrx_word' id='word_1_71' title='bbox 802 1767 872 1833; x_wconf 89' lang='lat' dir='ltr'><strong>fera</strong></span> <span class='ocrx_word' id='word_1_72' title='bbox 893 1768 981 1834; x_wconf 89' lang='lat' dir='ltr'><strong>bella</strong></span> <span class='ocrx_word' id='word_1_73' title='bbox 1002 1767 1154 1832; x_wconf 71' lang='lat' dir='ltr'><strong>trahunt?</strong></span> <span class='ocrx_word' id='word_1_74' title='bbox 1196 1765 1326 1831; x_wconf 91' lang='lat' dir='ltr'><strong>tandem</strong></span> <span class='ocrx_word' id='word_1_75' title='bbox 1349 1766 1414 1832; x_wconf 90' lang='lat' dir='ltr'><strong>iam</strong></span> <span class='ocrx_word' id='word_1_76' title='bbox 1437 1767 1550 1834; x_wconf 79' lang='lat' dir='ltr'><strong>desere</strong></span> <span class='ocrx_word' id='word_1_77' title='bbox 1573 1767 1659 1833; x_wconf 85' lang='lat' dir='ltr'><strong>faeta</strong></span> 
     </span>
     <span class='ocr_line' id='line_1_13' title="bbox 737 1869 1599 1953; baseline -0.006 -16"><span class='ocrx_word' id='word_1_78' title='bbox 737 1871 884 1937; x_wconf 88' lang='lat' dir='ltr'><strong>turbidus</strong></span> <span class='ocrx_word' id='word_1_79' title='bbox 904 1870 939 1936; x_wconf 89' lang='lat' dir='ltr'><strong>in</strong></span> <span class='ocrx_word' id='word_1_80' title='bbox 960 1869 1086 1936; x_wconf 89' lang='lat' dir='ltr'><strong>miseris</strong></span> <span class='ocrx_word' id='word_1_81' title='bbox 1109 1890 1192 1953; x_wconf 87' lang='lat' dir='ltr'><strong>quae</strong></span> <span class='ocrx_word' id='word_1_82' title='bbox 1215 1888 1347 1935; x_wconf 85' lang='lat' dir='ltr'><strong>exerees</strong></span> <span class='ocrx_word' id='word_1_83' title='bbox 1368 1869 1473 1935; x_wconf 88' lang='lat' dir='ltr'><strong>tristia</strong></span> <span class='ocrx_word' id='word_1_84' title='bbox 1494 1869 1599 1936; x_wconf 90' lang='lat' dir='ltr'><strong>terris.</strong></span> 
     </span>
     <span class='ocr_line' id='line_1_14' title="bbox 737 1973 1592 2058; baseline -0.002 -18"><span class='ocrx_word' id='word_1_85' title='bbox 737 1973 816 2058; x_wconf 94' lang='lat' dir='ltr'><strong>quid</strong></span> <span class='ocrx_word' id='word_1_86' title='bbox 836 1975 943 2056; x_wconf 83' lang='lat' dir='ltr'><strong>iuvat,</strong></span> <span class='ocrx_word' id='word_1_87' title='bbox 968 1973 1103 2056; x_wconf 84' lang='lat' dir='ltr'><strong>infelix,</strong></span> <span class='ocrx_word' id='word_1_88' title='bbox 1129 1973 1272 2038; x_wconf 87' lang='lat' dir='ltr'><strong>Romana</strong></span> <span class='ocrx_word' id='word_1_89' title='bbox 1294 1973 1455 2039; x_wconf 78' lang='lat' dir='ltr'><strong>lacessere</strong></span> <span class='ocrx_word' id='word_1_90' title='bbox 1477 1973 1592 2057; x_wconf 80' lang='lat' dir='ltr'><strong>signat</strong></span> 
     </span>
     <span class='ocr_line' id='line_1_15' title="bbox 738 2068 1521 2163; baseline -0.004 -20"><span class='ocrx_word' id='word_1_91' title='bbox 738 2077 857 2160; x_wconf 90' lang='lat' dir='ltr'><strong>quidve</strong></span> <span class='ocrx_word' id='word_1_92' title='bbox 879 2096 974 2163; x_wconf 84' lang='lat' dir='ltr'><strong>paras</strong></span> <span class='ocrx_word' id='word_1_93' title='bbox 997 2077 1131 2143; x_wconf 88' lang='lat' dir='ltr'><strong>miseros</strong></span> <span class='ocrx_word' id='word_1_94' title='bbox 1154 2083 1244 2142; x_wconf 86' lang='lat' dir='ltr'><strong>tanta</strong></span> <span class='ocrx_word' id='word_1_95' title='bbox 1264 2075 1384 2142; x_wconf 80' lang='lat' dir='ltr'><strong>iactare</strong></span> <span class='ocrx_word' id='word_1_96' title='bbox 1407 2068 1521 2143; x_wconf 70' lang='lat' dir='ltr'><strong>ruina?</strong></span> 
     </span>
    </p>

    <p class='ocr_par' dir='ltr' id='par_1_6' title="bbox 669 2179 2434 2677">
     <span class='ocr_line' id='line_1_16' title="bbox 669 2179 2345 2267; baseline 0 -21"><span class='ocrx_word' id='word_1_97' title='bbox 669 2244 684 2265; x_wconf 58' lang='grc'><em>,</em></span> <span class='ocrx_word' id='word_1_98' title='bbox 725 2181 865 2247; x_wconf 73' lang='lat' dir='ltr'><strong>&#39;sineere</strong></span> <span class='ocrx_word' id='word_1_99' title='bbox 887 2200 1002 2265; x_wconf 83' lang='lat' dir='ltr'><strong>nempe</strong></span> <span class='ocrx_word' id='word_1_100' title='bbox 1025 2185 1121 2265; x_wconf 90' lang='lat' dir='ltr'><strong>putas</strong></span> <span class='ocrx_word' id='word_1_101' title='bbox 1144 2197 1349 2262; x_wconf 85' lang='lat' dir='ltr'><strong>quaeeunque</strong></span> <span class='ocrx_word' id='word_1_102' title='bbox 1370 2179 1405 2244; x_wconf 91' lang='lat' dir='ltr'><strong>in</strong></span> <span class='ocrx_word' id='word_1_103' title='bbox 1428 2180 1559 2246; x_wconf 85' lang='lat' dir='ltr'><strong>saecula</strong></span> <span class='ocrx_word' id='word_1_104' title='bbox 1580 2187 1694 2264; x_wconf 82' lang='lat' dir='ltr'><strong>gentes</strong></span> <span class='ocrx_word' id='word_1_105' title='bbox 1905 2254 1909 2261; x_wconf 19' lang='lat'><strong>⁴</strong></span> <span class='ocrx_word' id='word_1_106' title='bbox 2337 2222 2345 2267; x_wconf 59' lang='lat'><strong>2,</strong></span> 
     </span>
     <span class='ocr_line' id='line_1_17' title="bbox 679 2254 2434 2368; baseline -0.001 -20"><span class='ocrx_word' id='word_1_107' title='bbox 679 2285 1218 2368; x_wconf 70' lang='lat' dir='ltr'><strong>rlRomanastupossemanus.</strong></span> <span class='ocrx_word' id='word_1_108' title='bbox 1264 2301 1322 2348; x_wconf 93' lang='lat' dir='ltr'><strong>nos</strong></span> <span class='ocrx_word' id='word_1_109' title='bbox 1344 2282 1493 2348; x_wconf 81' lang='lat' dir='ltr'><strong>Parthica</strong></span> <span class='ocrx_word' id='word_1_110' title='bbox 1514 2303 1633 2366; x_wconf 90' lang='lat' dir='ltr'><strong>regna,</strong></span> <span class='ocrx_word' id='word_1_111' title='bbox 1744 2300 1790 2335; x_wconf 62' lang='lat' dir='ltr'><strong>on</strong></span> <span class='ocrx_word' id='word_1_112' title='bbox 1817 2259 2350 2367; x_wconf 44' lang='lat' dir='ltr'><strong>immuto·2¹¹·{&#39;‘1&#39;&#39;’‘&#39;‘⁷&#39;·&#39;·‘</strong></span> <span class='ocrx_word' id='word_1_113' title='bbox 2369 2330 2376 2343; x_wconf 87' lang='lat'>.</span> <span class='ocrx_word' id='word_1_114' title='bbox 2422 2254 2434 2291; x_wconf 68' lang='lat' dir='ltr'><strong>u</strong></span> 
     </span>
     <span class='ocr_line' id='line_1_18' title="bbox 737 2378 2297 2470; baseline 0.008 -16"><span class='ocrx_word' id='word_1_115' title='bbox 737 2407 795 2454; x_wconf 92' lang='lat' dir='ltr'><strong>nos</strong></span> <span class='ocrx_word' id='word_1_116' title='bbox 818 2388 935 2469; x_wconf 81' lang='lat' dir='ltr'><strong>Lanos,</strong></span> <span class='ocrx_word' id='word_1_117' title='bbox 961 2388 1087 2469; x_wconf 89' lang='lat' dir='ltr'><strong>Vnnos,</strong></span> <span class='ocrx_word' id='word_1_118' title='bbox 1114 2387 1319 2467; x_wconf 81' lang='lat' dir='ltr'><strong>Franoosque</strong></span> <span class='ocrx_word' id='word_1_119' title='bbox 1342 2385 1506 2470; x_wconf 75' lang='lat' dir='ltr'><strong>Getasque</strong></span> <span class='ocrx_word' id='word_1_120' title='bbox 1528 2385 1706 2453; x_wconf 90' lang='lat' dir='ltr'><strong>domamus.</strong></span> <span class='ocrx_word' id='word_1_121' title='bbox 1756 2410 1808 2467; x_wconf 70' lang='lat' dir='ltr'><strong>eq</strong></span> <span class='ocrx_word' id='word_1_122' title='bbox 1861 2390 2076 2470; x_wconf 47' lang='lat' dir='ltr'><strong>{leminea</strong></span> <span class='ocrx_word' id='word_1_123' title='bbox 2095 2432 2180 2465; x_wconf 56' lang='lat' dir='ltr'><strong>ane</strong></span> <span class='ocrx_word' id='word_1_124' title='bbox 2207 2378 2297 2469; x_wconf 51' lang='lat' dir='ltr'><strong>„al</strong></span> 
     </span>
     <span class='ocr_line' id='line_1_19' title="bbox 737 2470 2293 2574; baseline -0.001 -18"><span class='ocrx_word' id='word_1_125' title='bbox 737 2510 881 2574; x_wconf 89' lang='lat' dir='ltr'><strong>quaeque</strong></span> <span class='ocrx_word' id='word_1_126' title='bbox 905 2492 964 2556; x_wconf 93' lang='lat' dir='ltr'><strong>sub</strong></span> <span class='ocrx_word' id='word_1_127' title='bbox 987 2490 1138 2555; x_wconf 90' lang='lat' dir='ltr'><strong>aethereo</strong></span> <span class='ocrx_word' id='word_1_128' title='bbox 1160 2490 1260 2555; x_wconf 89' lang='lat' dir='ltr'><strong>latum</strong></span> <span class='ocrx_word' id='word_1_129' title='bbox 1283 2496 1475 2574; x_wconf 86' lang='lat' dir='ltr'><strong>sparguntur</strong></span> <span class='ocrx_word' id='word_1_130' title='bbox 1497 2488 1531 2554; x_wconf 93' lang='lat' dir='ltr'><strong>in</strong></span> <span class='ocrx_word' id='word_1_131' title='bbox 1552 2490 1661 2556; x_wconf 92' lang='lat' dir='ltr'><strong>orbem</strong></span> <span class='ocrx_word' id='word_1_132' title='bbox 1920 2498 1943 2505; x_wconf 83' lang='grc'>”</span> <span class='ocrx_word' id='word_1_133' title='bbox 1987 2500 2013 2507; x_wconf 87' lang='grc'><strong>“·</strong></span> <span class='ocrx_word' id='word_1_134' title='bbox 2072 2470 2191 2511; x_wconf 40' lang='lat' dir='ltr'><strong>Lm</strong></span> <span class='ocrx_word' id='word_1_135' title='bbox 2262 2480 2293 2489; x_wconf 41' lang='lat'><strong>&#39;⁹</strong></span> 
     </span>
     <span class='ocr_line' id='line_1_20' title="bbox 737 2591 1604 2677; baseline -0.001 -18"><span class='ocrx_word' id='word_1_136' title='bbox 737 2614 800 2659; x_wconf 81' lang='lat' dir='ltr'><strong>axe</strong></span> <span class='ocrx_word' id='word_1_137' title='bbox 821 2592 910 2660; x_wconf 90' lang='lat' dir='ltr'><strong>ferae</strong></span> <span class='ocrx_word' id='word_1_138' title='bbox 932 2599 1063 2677; x_wconf 87' lang='lat' dir='ltr'><strong>gentes,</strong></span> <span class='ocrx_word' id='word_1_139' title='bbox 1090 2591 1207 2658; x_wconf 89' lang='lat' dir='ltr'><strong>nostris</strong></span> <span class='ocrx_word' id='word_1_140' title='bbox 1229 2591 1425 2657; x_wconf 89' lang='lat' dir='ltr'><strong>famulantur</strong></span> <span class='ocrx_word' id='word_1_141' title='bbox 1446 2592 1479 2657; x_wconf 90' lang='lat' dir='ltr'><strong>in</strong></span> <span class='ocrx_word' id='word_1_142' title='bbox 1502 2593 1604 2675; x_wconf 89' lang='lat' dir='ltr'><strong>aulis,</strong></span> 
     </span>
    </p>

    <p class='ocr_par' dir='ltr' id='par_1_7' title="bbox 736 2693 1682 3610">
     <span class='ocr_line' id='line_1_21' title="bbox 736 2693 1545 2783; baseline 0 -21"><span class='ocrx_word' id='word_1_143' title='bbox 736 2696 879 2783; x_wconf 87' lang='lat' dir='ltr'><strong>prineipe</strong></span> <span class='ocrx_word' id='word_1_144' title='bbox 901 2696 1024 2778; x_wconf 84' lang='lat' dir='ltr'><strong>subque</strong></span> <span class='ocrx_word' id='word_1_145' title='bbox 1046 2695 1100 2780; x_wconf 92' lang='lat' dir='ltr'><strong>pio</strong></span> <span class='ocrx_word' id='word_1_146' title='bbox 1121 2694 1200 2761; x_wconf 88' lang='lat' dir='ltr'><strong>laeti</strong></span> <span class='ocrx_word' id='word_1_147' title='bbox 1221 2695 1287 2761; x_wconf 88' lang='lat' dir='ltr'><strong>iam</strong></span> <span class='ocrx_word' id='word_1_148' title='bbox 1309 2693 1412 2761; x_wconf 88' lang='lat' dir='ltr'><strong>Marte</strong></span> <span class='ocrx_word' id='word_1_149' title='bbox 1434 2695 1545 2762; x_wconf 89' lang='lat' dir='ltr'><strong>relieto</strong></span> 
     </span>
     <span class='ocr_line' id='line_1_22' title="bbox 736 2798 1635 2883; baseline 0 -17"><span class='ocrx_word' id='word_1_150' title='bbox 736 2800 825 2866; x_wconf 87' lang='lat' dir='ltr'><strong>iussa</strong></span> <span class='ocrx_word' id='word_1_151' title='bbox 846 2799 969 2883; x_wconf 84' lang='lat' dir='ltr'><strong>lerunt,</strong></span> <span class='ocrx_word' id='word_1_152' title='bbox 995 2799 1152 2881; x_wconf 83' lang='lat' dir='ltr'><strong>suavique</strong></span> <span class='ocrx_word' id='word_1_153' title='bbox 1172 2798 1247 2882; x_wconf 83' lang='lat' dir='ltr'><strong>iugo</strong></span> <span class='ocrx_word' id='word_1_154' title='bbox 1270 2818 1330 2864; x_wconf 92' lang='lat' dir='ltr'><strong>sua</strong></span> <span class='ocrx_word' id='word_1_155' title='bbox 1352 2799 1437 2864; x_wconf 87' lang='lat' dir='ltr'><strong>eolla</strong></span> <span class='ocrx_word' id='word_1_156' title='bbox 1459 2798 1635 2868; x_wconf 78' lang='lat' dir='ltr'><strong>reflectunt.</strong></span> 
     </span>
     <span class='ocr_line' id='line_1_23' title="bbox 738 2902 1618 2989; baseline 0.001 -20"><span class='ocrx_word' id='word_1_157' title='bbox 738 2904 864 2989; x_wconf 89' lang='lat' dir='ltr'><strong>suseipe</strong></span> <span class='ocrx_word' id='word_1_158' title='bbox 887 2903 974 2969; x_wconf 90' lang='lat' dir='ltr'><strong>dieta</strong></span> <span class='ocrx_word' id='word_1_159' title='bbox 995 2902 1093 2985; x_wconf 90' lang='lat' dir='ltr'><strong>eitos,</strong></span> <span class='ocrx_word' id='word_1_160' title='bbox 1120 2903 1251 2968; x_wconf 88' lang='lat' dir='ltr'><strong>salvans</strong></span> <span class='ocrx_word' id='word_1_161' title='bbox 1273 2909 1450 2986; x_wconf 79' lang='lat' dir='ltr'><strong>gentesque</strong></span> <span class='ocrx_word' id='word_1_162' title='bbox 1471 2909 1618 2989; x_wconf 89' lang='lat' dir='ltr'><strong>tuosque.</strong></span> 
     </span>
     <span class='ocr_line' id='line_1_24' title="bbox 738 3005 1539 3073; baseline -0.001 -1"><span class='ocrx_word' id='word_1_163' title='bbox 738 3028 800 3072; x_wconf 93' lang='lat' dir='ltr'><strong>non</strong></span> <span class='ocrx_word' id='word_1_164' title='bbox 821 3007 911 3073; x_wconf 86' lang='lat' dir='ltr'><strong>velut</strong></span> <span class='ocrx_word' id='word_1_165' title='bbox 930 3006 1079 3071; x_wconf 87' lang='lat' dir='ltr'><strong>imbelles</strong></span> <span class='ocrx_word' id='word_1_166' title='bbox 1101 3012 1228 3072; x_wconf 89' lang='lat' dir='ltr'><strong>nostrae</strong></span> <span class='ocrx_word' id='word_1_167' title='bbox 1250 3005 1403 3072; x_wconf 85' lang='lat' dir='ltr'><strong>mandata</strong></span> <span class='ocrx_word' id='word_1_168' title='bbox 1425 3007 1539 3073; x_wconf 88' lang='lat' dir='ltr'><strong>salutis</strong></span> 
     </span>
     <span class='ocr_line' id='line_1_25' title="bbox 737 3108 1682 3194; baseline 0.001 -19"><span class='ocrx_word' id='word_1_169' title='bbox 737 3109 909 3193; x_wconf 86' lang='lat' dir='ltr'><strong>mittimus,</strong></span> <span class='ocrx_word' id='word_1_170' title='bbox 935 3115 992 3174; x_wconf 89' lang='lat' dir='ltr'><strong>aut</strong></span> <span class='ocrx_word' id='word_1_171' title='bbox 1012 3108 1153 3193; x_wconf 84' lang='lat' dir='ltr'><strong>fugimus</strong></span> <span class='ocrx_word' id='word_1_172' title='bbox 1175 3127 1301 3193; x_wconf 88' lang='lat' dir='ltr'><strong>pugnas</strong></span> <span class='ocrx_word' id='word_1_173' title='bbox 1323 3128 1499 3194; x_wconf 87' lang='lat' dir='ltr'><strong>paeemque</strong></span> <span class='ocrx_word' id='word_1_174' title='bbox 1521 3129 1682 3193; x_wconf 89' lang='lat' dir='ltr'><strong>rogamus.</strong></span> 
     </span>
     <span class='ocr_line' id='line_1_26' title="bbox 738 3211 1496 3299; baseline 0 -20"><span class='ocrx_word' id='word_1_175' title='bbox 738 3213 875 3299; x_wconf 86' lang='lat' dir='ltr'><strong>eaptivis</strong></span> <span class='ocrx_word' id='word_1_176' title='bbox 896 3212 1051 3295; x_wconf 85' lang='lat' dir='ltr'><strong>vobisque</strong></span> <span class='ocrx_word' id='word_1_177' title='bbox 1073 3211 1165 3277; x_wconf 89' lang='lat' dir='ltr'><strong>timet</strong></span> <span class='ocrx_word' id='word_1_178' title='bbox 1185 3218 1376 3296; x_wconf 85' lang='lat' dir='ltr'><strong>vestraeque</strong></span> <span class='ocrx_word' id='word_1_179' title='bbox 1399 3212 1496 3279; x_wconf 88' lang='lat' dir='ltr'><strong>saluti</strong></span> 
     </span>
     <span class='ocr_line' id='line_1_27' title="bbox 738 3315 1641 3404; baseline 0.001 -22"><span class='ocrx_word' id='word_1_180' title='bbox 738 3317 937 3404; x_wconf 81' lang='lat' dir='ltr'><strong>prospiciens</strong></span> <span class='ocrx_word' id='word_1_181' title='bbox 958 3315 1085 3382; x_wconf 86' lang='lat' dir='ltr'><strong>miseris</strong></span> <span class='ocrx_word' id='word_1_182' title='bbox 1107 3315 1230 3400; x_wconf 89' lang='lat' dir='ltr'><strong>pietas,</strong></span> <span class='ocrx_word' id='word_1_183' title='bbox 1256 3336 1338 3399; x_wconf 88' lang='lat' dir='ltr'><strong>quae</strong></span> <span class='ocrx_word' id='word_1_184' title='bbox 1361 3315 1501 3383; x_wconf 89' lang='lat' dir='ltr'><strong>eontinet</strong></span> <span class='ocrx_word' id='word_1_185' title='bbox 1522 3318 1641 3384; x_wconf 90' lang='lat' dir='ltr'><strong>orbem.</strong></span> 
     </span>
     <span class='ocr_line' id='line_1_28' title="bbox 738 3419 1640 3505; baseline 0.001 -19"><span class='ocrx_word' id='word_1_186' title='bbox 738 3421 819 3487; x_wconf 89' lang='lat' dir='ltr'><strong>baeo</strong></span> <span class='ocrx_word' id='word_1_187' title='bbox 840 3420 920 3486; x_wconf 90' lang='lat' dir='ltr'><strong>mibi</strong></span> <span class='ocrx_word' id='word_1_188' title='bbox 941 3440 1060 3504; x_wconf 88' lang='lat' dir='ltr'><strong>magna</strong></span> <span class='ocrx_word' id='word_1_189' title='bbox 1080 3419 1171 3485; x_wconf 89' lang='lat' dir='ltr'><strong>iubet</strong></span> <span class='ocrx_word' id='word_1_190' title='bbox 1191 3419 1341 3504; x_wconf 89' lang='lat' dir='ltr'><strong>perituris</strong></span> <span class='ocrx_word' id='word_1_191' title='bbox 1363 3439 1494 3505; x_wconf 82' lang='lat' dir='ltr'><strong>paruere</strong></span> <span class='ocrx_word' id='word_1_192' title='bbox 1516 3421 1640 3487; x_wconf 74' lang='lat' dir='ltr'><strong>ansuis.</strong></span> 
     </span>
     <span class='ocr_line' id='line_1_29' title="bbox 737 3522 1464 3610; baseline -0.004 -20"><span class='ocrx_word' id='word_1_193' title='bbox 737 3530 866 3610; x_wconf 88' lang='lat' dir='ltr'><strong>propter</strong></span> <span class='ocrx_word' id='word_1_194' title='bbox 887 3522 1030 3609; x_wconf 83' lang='lat' dir='ltr'><strong>eaptivos</strong></span> <span class='ocrx_word' id='word_1_195' title='bbox 1051 3522 1179 3589; x_wconf 85' lang='lat' dir='ltr'><strong>veniam</strong></span> <span class='ocrx_word' id='word_1_196' title='bbox 1202 3522 1322 3589; x_wconf 89' lang='lat' dir='ltr'><strong>donaro</strong></span> <span class='ocrx_word' id='word_1_197' title='bbox 1344 3522 1464 3589; x_wconf 87' lang='lat' dir='ltr'><strong>lioebit.</strong></span> 
     </span>
    </p>

    <p class='ocr_par' dir='ltr' id='par_1_8' title="bbox 737 3624 1647 4020">
     <span class='ocr_line' id='line_1_30' title="bbox 737 3624 1535 3711; baseline -0.001 -19"><span class='ocrx_word' id='word_1_198' title='bbox 737 3626 869 3711; x_wconf 88' lang='lat' dir='ltr'><strong>quodsi,</strong></span> <span class='ocrx_word' id='word_1_199' title='bbox 894 3625 990 3708; x_wconf 87' lang='lat' dir='ltr'><strong>durs,</strong></span> <span class='ocrx_word' id='word_1_200' title='bbox 1016 3625 1097 3691; x_wconf 90' lang='lat' dir='ltr'><strong>meis</strong></span> <span class='ocrx_word' id='word_1_201' title='bbox 1119 3625 1221 3691; x_wconf 90' lang='lat' dir='ltr'><strong>audes</strong></span> <span class='ocrx_word' id='word_1_202' title='bbox 1243 3625 1401 3691; x_wconf 76' lang='lat' dir='ltr'><strong>contraria</strong></span> <span class='ocrx_word' id='word_1_203' title='bbox 1423 3624 1535 3705; x_wconf 87' lang='lat' dir='ltr'><strong>dietis,</strong></span> 
     </span>
     <span class='ocr_line' id='line_1_31' title="bbox 738 3728 1596 3814; baseline -0.003 -18"><span class='ocrx_word' id='word_1_204' title='bbox 738 3729 878 3796; x_wconf 83' lang='lat' dir='ltr'><strong>crastina</strong></span> <span class='ocrx_word' id='word_1_205' title='bbox 899 3729 987 3795; x_wconf 89' lang='lat' dir='ltr'><strong>bella</strong></span> <span class='ocrx_word' id='word_1_206' title='bbox 1008 3748 1103 3814; x_wconf 86' lang='lat' dir='ltr'><strong>para,</strong></span> <span class='ocrx_word' id='word_1_207' title='bbox 1129 3728 1262 3810; x_wconf 74' lang='lat' dir='ltr'><strong>cingens</strong></span> <span class='ocrx_word' id='word_1_208' title='bbox 1284 3728 1458 3794; x_wconf 89' lang='lat' dir='ltr'><strong>munimine</strong></span> <span class='ocrx_word' id='word_1_209' title='bbox 1481 3728 1596 3795; x_wconf 84' lang='lat' dir='ltr'><strong>fossas.</strong></span> 
     </span>
     <span class='ocr_line' id='line_1_32' title="bbox 737 3831 1647 3918; baseline -0.002 -18"><span class='ocrx_word' id='word_1_210' title='bbox 737 3833 835 3900; x_wconf 88' lang='lat' dir='ltr'><strong>funde</strong></span> <span class='ocrx_word' id='word_1_211' title='bbox 858 3851 957 3918; x_wconf 89' lang='lat' dir='ltr'><strong>peous</strong></span> <span class='ocrx_word' id='word_1_212' title='bbox 979 3832 1119 3899; x_wconf 89' lang='lat' dir='ltr'><strong>solitum.</strong></span> <span class='ocrx_word' id='word_1_213' title='bbox 1166 3831 1339 3916; x_wconf 89' lang='lat' dir='ltr'><strong>rapiendos</strong></span> <span class='ocrx_word' id='word_1_214' title='bbox 1360 3838 1507 3898; x_wconf 86' lang='lat' dir='ltr'><strong>eonstrne</strong></span> <span class='ocrx_word' id='word_1_215' title='bbox 1530 3853 1647 3899; x_wconf 92' lang='lat' dir='ltr'><strong>muros.</strong></span> 
     </span>
     <span class='ocr_line' id='line_1_33' title="bbox 737 3934 1551 4020; baseline 0 -19"><span class='ocrx_word' id='word_1_216' title='bbox 737 3936 902 4001; x_wconf 87' lang='lat' dir='ltr'><strong>balantum</strong></span> <span class='ocrx_word' id='word_1_217' title='bbox 925 3954 1076 4020; x_wconf 90' lang='lat' dir='ltr'><strong>oompone</strong></span> <span class='ocrx_word' id='word_1_218' title='bbox 1099 3952 1216 4017; x_wconf 82' lang='lat' dir='ltr'><strong>greges</strong></span> <span class='ocrx_word' id='word_1_219' title='bbox 1238 3934 1385 4017; x_wconf 85' lang='lat' dir='ltr'><strong>fetasque</strong></span> <span class='ocrx_word' id='word_1_220' title='bbox 1407 3935 1551 4019; x_wconf 78' lang='lat' dir='ltr'><strong>capellas</strong></span> 
     </span>
    </p>

    <p class='ocr_par' dir='ltr' id='par_1_9' title="bbox 737 4037 1533 4105">
     <span class='ocr_line' id='line_1_34' title="bbox 737 4037 1533 4105; baseline -0.006 0"><span class='ocrx_word' id='word_1_221' title='bbox 737 4047 770 4105; x_wconf 93' lang='lat' dir='ltr'><strong>et</strong></span> <span class='ocrx_word' id='word_1_222' title='bbox 790 4039 889 4105; x_wconf 86' lang='lat' dir='ltr'><strong>torvis</strong></span> <span class='ocrx_word' id='word_1_223' title='bbox 911 4038 1034 4105; x_wconf 91' lang='lat' dir='ltr'><strong>medios</strong></span> <span class='ocrx_word' id='word_1_224' title='bbox 1057 4038 1233 4104; x_wconf 80' lang='lat' dir='ltr'><strong>clamantes</strong></span> <span class='ocrx_word' id='word_1_225' title='bbox 1255 4037 1396 4104; x_wconf 83' lang='lat' dir='ltr'><strong>vultibus</strong></span> <span class='ocrx_word' id='word_1_226' title='bbox 1419 4037 1533 4105; x_wconf 86' lang='lat' dir='ltr'><strong>hireos.</strong></span> 
     </span>
    </p>

    <p class='ocr_par' dir='ltr' id='par_1_10' title="bbox 736 4140 1503 4226">
     <span class='ocr_line' id='line_1_35' title="bbox 736 4140 1503 4226; baseline -0.004 -18"><span class='ocrx_word' id='word_1_227' title='bbox 736 4163 799 4208; x_wconf 93' lang='lat' dir='ltr'><strong>non</strong></span> <span class='ocrx_word' id='word_1_228' title='bbox 821 4142 921 4209; x_wconf 89' lang='lat' dir='ltr'><strong>ariete</strong></span> <span class='ocrx_word' id='word_1_229' title='bbox 943 4160 1040 4207; x_wconf 86' lang='lat' dir='ltr'><strong>eavas</strong></span> <span class='ocrx_word' id='word_1_230' title='bbox 1062 4140 1201 4208; x_wconf 90' lang='lat' dir='ltr'><strong>adduoto</strong></span> <span class='ocrx_word' id='word_1_231' title='bbox 1225 4160 1377 4226; x_wconf 89' lang='lat' dir='ltr'><strong>spargere</strong></span> <span class='ocrx_word' id='word_1_232' title='bbox 1400 4147 1503 4206; x_wconf 89' lang='lat' dir='ltr'><strong>turres</strong></span> 
     </span>
    </p>

    <p class='ocr_par' dir='ltr' id='par_1_11' title="bbox 736 4244 1616 4641">
     <span class='ocr_line' id='line_1_36' title="bbox 737 4244 1576 4339; baseline -0.001 -27"><span class='ocrx_word' id='word_1_233' title='bbox 737 4252 788 4313; x_wconf 92' lang='lat' dir='ltr'><strong>est</strong></span> <span class='ocrx_word' id='word_1_234' title='bbox 809 4264 900 4331; x_wconf 87' lang='lat' dir='ltr'><strong>opus.</strong></span> <span class='ocrx_word' id='word_1_235' title='bbox 929 4245 1084 4339; x_wconf 63' lang='lat' dir='ltr'><strong>sabduoto</strong></span> <span class='ocrx_word' id='word_1_236' title='bbox 1106 4244 1212 4329; x_wconf 89' lang='lat' dir='ltr'><strong>potius</strong></span> <span class='ocrx_word' id='word_1_237' title='bbox 1234 4244 1428 4311; x_wconf 88' lang='lat' dir='ltr'><strong>nudabimus</strong></span> <span class='ocrx_word' id='word_1_238' title='bbox 1450 4245 1576 4329; x_wconf 89' lang='lat' dir='ltr'><strong>hostes,</strong></span> 
     </span>
     <span class='ocr_line' id='line_1_37' title="bbox 736 4347 1616 4432; baseline -0.002 -17"><span class='ocrx_word' id='word_1_239' title='bbox 736 4350 820 4416; x_wconf 88' lang='lat' dir='ltr'><strong>inter</strong></span> <span class='ocrx_word' id='word_1_240' title='bbox 842 4368 980 4431; x_wconf 88' lang='lat' dir='ltr'><strong>ovesque</strong></span> <span class='ocrx_word' id='word_1_241' title='bbox 1003 4355 1076 4413; x_wconf 87' lang='lat' dir='ltr'><strong>tuas</strong></span> <span class='ocrx_word' id='word_1_242' title='bbox 1097 4347 1183 4413; x_wconf 88' lang='lat' dir='ltr'><strong>aries</strong></span> <span class='ocrx_word' id='word_1_243' title='bbox 1205 4347 1412 4432; x_wconf 82' lang='lat' dir='ltr'><strong>praedabitur</strong></span> <span class='ocrx_word' id='word_1_244' title='bbox 1433 4348 1555 4429; x_wconf 89' lang='lat' dir='ltr'><strong>omnis,</strong></span> <span class='ocrx_word' id='word_1_245' title='bbox 1612 4422 1616 4429; x_wconf 19' lang='lat'><strong>⁴</strong></span> 
     </span>
     <span class='ocr_line' id='line_1_38' title="bbox 738 4450 1510 4537; baseline -0.004 -19"><span class='ocrx_word' id='word_1_246' title='bbox 738 4458 771 4518; x_wconf 90' lang='lat' dir='ltr'><strong>et</strong></span> <span class='ocrx_word' id='word_1_247' title='bbox 791 4453 873 4519; x_wconf 90' lang='lat' dir='ltr'><strong>bone</strong></span> <span class='ocrx_word' id='word_1_248' title='bbox 896 4452 1038 4537; x_wconf 90' lang='lat' dir='ltr'><strong>direptos</strong></span> <span class='ocrx_word' id='word_1_249' title='bbox 1059 4468 1213 4537; x_wconf 90' lang='lat' dir='ltr'><strong>ponemus</strong></span> <span class='ocrx_word' id='word_1_250' title='bbox 1235 4450 1372 4535; x_wconf 88' lang='lat' dir='ltr'><strong>prandia</strong></span> <span class='ocrx_word' id='word_1_251' title='bbox 1393 4470 1510 4516; x_wconf 89' lang='lat' dir='ltr'><strong>muros.</strong></span> 
     </span>
     <span class='ocr_line' id='line_1_39' title="bbox 738 4553 1528 4641; baseline -0.004 -19"><span class='ocrx_word' id='word_1_252' title='bbox 738 4555 896 4641; x_wconf 88' lang='lat' dir='ltr'><strong>soulptilis</strong></span> <span class='ocrx_word' id='word_1_253' title='bbox 918 4555 993 4637; x_wconf 90' lang='lat' dir='ltr'><strong>ille,</strong></span> <span class='ocrx_word' id='word_1_254' title='bbox 1018 4554 1083 4620; x_wconf 89' lang='lat' dir='ltr'><strong>tuis</strong></span> <span class='ocrx_word' id='word_1_255' title='bbox 1106 4553 1196 4619; x_wconf 89' lang='lat' dir='ltr'><strong>ouius</strong></span> <span class='ocrx_word' id='word_1_256' title='bbox 1218 4553 1392 4619; x_wconf 92' lang='lat' dir='ltr'><strong>munimine</strong></span> <span class='ocrx_word' id='word_1_257' title='bbox 1415 4553 1528 4619; x_wconf 88' lang='lat' dir='ltr'><strong>eastris</strong></span> 
     </span>
    </p>
   </div>
   <div class='ocr_carea' id='block_1_3' title="bbox 593 4656 1664 5259">
    <p class='ocr_par' dir='ltr' id='par_1_12' title="bbox 736 4656 1630 5159">
     <span class='ocr_line' id='line_1_40' title="bbox 737 4656 1619 4745; baseline 0 -21"><span class='ocrx_word' id='word_1_258' title='bbox 737 4678 892 4745; x_wconf 90' lang='lat' dir='ltr'><strong>prospera</strong></span> <span class='ocrx_word' id='word_1_259' title='bbox 913 4657 1022 4723; x_wconf 90' lang='lat' dir='ltr'><strong>danda</strong></span> <span class='ocrx_word' id='word_1_260' title='bbox 1043 4662 1178 4739; x_wconf 88' lang='lat' dir='ltr'><strong>eanunt,</strong></span> <span class='ocrx_word' id='word_1_261' title='bbox 1205 4656 1351 4741; x_wconf 85' lang='lat' dir='ltr'><strong>disperso</strong></span> <span class='ocrx_word' id='word_1_262' title='bbox 1374 4658 1485 4723; x_wconf 92' lang='lat' dir='ltr'><strong>robore</strong></span> <span class='ocrx_word' id='word_1_263' title='bbox 1508 4657 1619 4725; x_wconf 75' lang='lat' dir='ltr'><strong>(inrzil</strong></span> 
     </span>
     <span class='ocr_line' id='line_1_41' title="bbox 737 4760 1630 4846; baseline -0.003 -17"><span class='ocrx_word' id='word_1_264' title='bbox 737 4761 909 4845; x_wconf 76' lang='lat' dir='ltr'><strong>scinditur,</strong></span> <span class='ocrx_word' id='word_1_265' title='bbox 935 4761 1148 4844; x_wconf 88' lang='lat' dir='ltr'><strong>ardentesque</strong></span> <span class='ocrx_word' id='word_1_266' title='bbox 1170 4761 1278 4845; x_wconf 89' lang='lat' dir='ltr'><strong>palam</strong></span> <span class='ocrx_word' id='word_1_267' title='bbox 1301 4760 1441 4826; x_wconf 85' lang='lat' dir='ltr'><strong>mittetur</strong></span> <span class='ocrx_word' id='word_1_268' title='bbox 1461 4760 1504 4826; x_wconf 89' lang='lat' dir='ltr'><strong>ad</strong></span> <span class='ocrx_word' id='word_1_269' title='bbox 1526 4761 1630 4846; x_wconf 88' lang='lat' dir='ltr'><strong>ignes.</strong></span> 
     </span>
     <span class='ocr_line' id='line_1_42' title="bbox 737 4864 1481 4950; baseline -0.003 -18"><span class='ocrx_word' id='word_1_270' title='bbox 737 4866 888 4950; x_wconf 89' lang='lat' dir='ltr'><strong>gentibus</strong></span> <span class='ocrx_word' id='word_1_271' title='bbox 910 4864 1023 4931; x_wconf 86' lang='lat' dir='ltr'><strong>effusis</strong></span> <span class='ocrx_word' id='word_1_272' title='bbox 1044 4883 1156 4949; x_wconf 88' lang='lat' dir='ltr'><strong>eampo</strong></span> <span class='ocrx_word' id='word_1_273' title='bbox 1179 4870 1349 4947; x_wconf 88' lang='lat' dir='ltr'><strong>quaeretur</strong></span> <span class='ocrx_word' id='word_1_274' title='bbox 1370 4864 1404 4930; x_wconf 93' lang='lat' dir='ltr'><strong>in</strong></span> <span class='ocrx_word' id='word_1_275' title='bbox 1425 4864 1481 4930; x_wconf 91' lang='lat' dir='ltr'><strong>illo</strong></span> 
     </span>
     <span class='ocr_line' id='line_1_43' title="bbox 737 4965 1614 5053; baseline 0 -18"><span class='ocrx_word' id='word_1_276' title='bbox 737 4969 896 5035; x_wconf 88' lang='lat' dir='ltr'><strong>montibus</strong></span> <span class='ocrx_word' id='word_1_277' title='bbox 918 4975 950 5035; x_wconf 93' lang='lat' dir='ltr'><strong>et</strong></span> <span class='ocrx_word' id='word_1_278' title='bbox 972 4967 1110 5051; x_wconf 89' lang='lat' dir='ltr'><strong>eunetis,</strong></span> <span class='ocrx_word' id='word_1_279' title='bbox 1135 4965 1305 5051; x_wconf 88' lang='lat' dir='ltr'><strong>quodquod</strong></span> <span class='ocrx_word' id='word_1_280' title='bbox 1327 4967 1490 5034; x_wconf 87' lang='lat' dir='ltr'><strong>Maurusia</strong></span> <span class='ocrx_word' id='word_1_281' title='bbox 1511 4969 1614 5053; x_wconf 89' lang='lat' dir='ltr'><strong>gessit</strong></span> 
     </span>
     <span class='ocr_line' id='line_1_44' title="bbox 736 5071 1581 5159; baseline -0.001 -20"><span class='ocrx_word' id='word_1_282' title='bbox 736 5074 898 5159; x_wconf 89' lang='lat' dir='ltr'><strong>impietas.</strong></span> <span class='ocrx_word' id='word_1_283' title='bbox 945 5072 1051 5138; x_wconf 88' lang='lat' dir='ltr'><strong>seelus</strong></span> <span class='ocrx_word' id='word_1_284' title='bbox 1073 5072 1133 5137; x_wconf 87' lang='lat' dir='ltr'><strong>hoo</strong></span> <span class='ocrx_word' id='word_1_285' title='bbox 1155 5091 1226 5137; x_wconf 87' lang='lat' dir='ltr'><strong>eum</strong></span> <span class='ocrx_word' id='word_1_286' title='bbox 1248 5071 1333 5138; x_wconf 88' lang='lat' dir='ltr'><strong>iusto</strong></span> <span class='ocrx_word' id='word_1_287' title='bbox 1356 5071 1456 5137; x_wconf 86' lang='lat' dir='ltr'><strong>Marte</strong></span> <span class='ocrx_word' id='word_1_288' title='bbox 1478 5072 1581 5158; x_wconf 90' lang='lat' dir='ltr'><strong>piabit</strong></span> 
     </span>
    </p>

    <p class='ocr_par' dir='ltr' id='par_1_13' title="bbox 593 5175 1664 5259">
     <span class='ocr_line' id='line_1_45' title="bbox 593 5175 1664 5259; baseline 0 -18"><span class='ocrx_word' id='word_1_289' title='bbox 593 5201 641 5241; x_wconf 73' lang='lat'><strong>⁴10</strong></span> <span class='ocrx_word' id='word_1_290' title='bbox 737 5184 846 5244; x_wconf 89' lang='lat' dir='ltr'><strong>nostra</strong></span> <span class='ocrx_word' id='word_1_291' title='bbox 868 5195 981 5242; x_wconf 91' lang='lat' dir='ltr'><strong>manus</strong></span> <span class='ocrx_word' id='word_1_292' title='bbox 1004 5175 1125 5241; x_wconf 84' lang='lat' dir='ltr'><strong>calidos</strong></span> <span class='ocrx_word' id='word_1_293' title='bbox 1147 5181 1352 5259; x_wconf 89' lang='lat' dir='ltr'><strong>prosternens</strong></span> <span class='ocrx_word' id='word_1_294' title='bbox 1374 5195 1513 5258; x_wconf 88' lang='lat' dir='ltr'><strong>aequore</strong></span> <span class='ocrx_word' id='word_1_295' title='bbox 1534 5181 1664 5242; x_wconf 88' lang='lat' dir='ltr'><strong>tmnoos</strong></span> 
     </span>
    </p>
   </div>
   <div class='ocr_carea' id='block_1_4' title="bbox 578 5348 763 5356">
    <p class='ocr_par' dir='ltr' id='par_1_14' title="bbox 578 5348 763 5356">
     <span class='ocr_line' id='line_1_46' title="bbox 578 5348 763 5356; baseline -0.011 0"><span class='ocrx_word' id='word_1_296' title='bbox 578 5348 763 5356; x_wconf 74' lang='lat'>———-—</span> 
     </span>
    </p>
   </div>
   <div class='ocr_carea' id='block_1_5' title="bbox 352 5433 1975 5935">
    <p class='ocr_par' dir='ltr' id='par_1_15' title="bbox 352 5433 1975 5935">
     <span class='ocr_line' id='line_1_47' title="bbox 421 5433 1969 5500; baseline -0.002 -11"><span class='ocrx_word' id='word_1_297' title='bbox 421 5440 471 5489; x_wconf 87' lang='grc'><strong>379</strong></span> <span class='ocrx_word' id='word_1_298' title='bbox 488 5442 607 5490; x_wconf 72' lang='lat' dir='ltr'><strong>obuertere</strong></span> <span class='ocrx_word' id='word_1_299' title='bbox 624 5440 644 5486; x_wconf 99' lang='grc' dir='ltr'><em>Τ</em></span> <span class='ocrx_word' id='word_1_300' title='bbox 729 5438 778 5487; x_wconf 87' lang='grc'><strong>377</strong></span> <span class='ocrx_word' id='word_1_301' title='bbox 797 5438 892 5486; x_wconf 74' lang='lat' dir='ltr'><strong>adlata</strong></span> <span class='ocrx_word' id='word_1_302' title='bbox 907 5437 1120 5497; x_wconf 78' lang='lat' dir='ltr'><strong>ans.,aderaT</strong></span> <span class='ocrx_word' id='word_1_303' title='bbox 1206 5435 1255 5485; x_wconf 78' lang='grc'><strong>392</strong></span> <span class='ocrx_word' id='word_1_304' title='bbox 1275 5435 1406 5497; x_wconf 57' lang='lat' dir='ltr'><strong>portioni*</strong></span> <span class='ocrx_word' id='word_1_305' title='bbox 1490 5433 1540 5484; x_wconf 79' lang='grc'><strong>393</strong></span> <span class='ocrx_word' id='word_1_306' title='bbox 1560 5437 1636 5484; x_wconf 76' lang='lat' dir='ltr'><strong>Lazos</strong></span> <span class='ocrx_word' id='word_1_307' title='bbox 1648 5437 1735 5498; x_wconf 77' lang='lat' dir='ltr'><strong>Haupt</strong></span> <span class='ocrx_word' id='word_1_308' title='bbox 1747 5437 1838 5499; x_wconf 73' lang='lat' dir='ltr'><strong>Opere.</strong></span> <span class='ocrx_word' id='word_1_309' title='bbox 1854 5439 1898 5484; x_wconf 86' lang='lat'><strong>111</strong></span> <span class='ocrx_word' id='word_1_310' title='bbox 1908 5442 1969 5500; x_wconf 73' lang='lat'><strong>615,</strong></span> 
     </span>
     <span class='ocr_line' id='line_1_48' title="bbox 353 5520 1975 5587; baseline -0.002 -11"><span class='ocrx_word' id='word_1_311' title='bbox 353 5529 415 5576; x_wconf 82' lang='lat' dir='ltr'><strong>latos</strong></span> <span class='ocrx_word' id='word_1_312' title='bbox 430 5527 458 5587; x_wconf 86' lang='lat' dir='ltr'><strong>T,</strong></span> <span class='ocrx_word' id='word_1_313' title='bbox 480 5527 571 5575; x_wconf 70' lang='lat' dir='ltr'><strong>Aluum</strong></span> <span class='ocrx_word' id='word_1_314' title='bbox 584 5525 663 5574; x_wconf 75' lang='lat' dir='ltr'><strong>Mass.</strong></span> <span class='ocrx_word' id='word_1_315' title='bbox 770 5527 960 5586; x_wconf 76' lang='lat' dir='ltr'><strong>Vnuosacrlprr&#39;,</strong></span> <span class='ocrx_word' id='word_1_316' title='bbox 980 5537 1064 5572; x_wconf 86' lang='lat' dir='ltr'><strong>urmos</strong></span> <span class='ocrx_word' id='word_1_317' title='bbox 1080 5523 1108 5585; x_wconf 89' lang='grc' dir='ltr'><strong>Τ,</strong></span> <span class='ocrx_word' id='word_1_318' title='bbox 1128 5521 1325 5571; x_wconf 64' lang='lat' dir='ltr'><strong>Hunnorum.</strong></span> <span class='ocrx_word' id='word_1_319' title='bbox 1432 5520 1482 5571; x_wconf 81' lang='grc'><strong>386</strong></span> <span class='ocrx_word' id='word_1_320' title='bbox 1500 5523 1547 5570; x_wconf 87' lang='lat' dir='ltr'><strong>sub</strong></span> <span class='ocrx_word' id='word_1_321' title='bbox 1564 5523 1651 5584; x_wconf 78' lang='lat' dir='ltr'><strong>quoT</strong></span> <span class='ocrx_word' id='word_1_322' title='bbox 1752 5522 1802 5572; x_wconf 91' lang='grc'><strong>393</strong></span> <span class='ocrx_word' id='word_1_323' title='bbox 1819 5525 1975 5585; x_wconf 71' lang='lat' dir='ltr'><strong>periturlsV</strong></span> 
     </span>
     <span class='ocr_line' id='line_1_49' title="bbox 353 5607 1972 5675; baseline -0.004 -12"><span class='ocrx_word' id='word_1_324' title='bbox 353 5611 712 5675; x_wconf 57' lang='lat' dir='ltr'><strong>subterraneaque.</strong></span> <span class='ocrx_word' id='word_1_325' title='bbox 820 5609 869 5659; x_wconf 84' lang='grc'><strong>396</strong></span> <span class='ocrx_word' id='word_1_326' title='bbox 887 5609 1037 5658; x_wconf 82' lang='lat' dir='ltr'><strong>montmeT</strong></span> <span class='ocrx_word' id='word_1_327' title='bbox 1139 5608 1187 5657; x_wconf 87' lang='grc'><strong>397</strong></span> <span class='ocrx_word' id='word_1_328' title='bbox 1206 5608 1345 5657; x_wconf 73' lang='lat' dir='ltr'><strong>eoauueT</strong></span> <span class='ocrx_word' id='word_1_329' title='bbox 1448 5607 1499 5657; x_wconf 79' lang='lat' dir='ltr'><strong>loo</strong></span> <span class='ocrx_word' id='word_1_330' title='bbox 1518 5621 1567 5655; x_wconf 88' lang='lat' dir='ltr'><strong>non</strong></span> <span class='ocrx_word' id='word_1_331' title='bbox 1586 5610 1664 5658; x_wconf 83' lang='lat' dir='ltr'><strong>ariete</strong></span> <span class='ocrx_word' id='word_1_332' title='bbox 1681 5623 1755 5657; x_wconf 71' lang='lat' dir='ltr'><strong>unas</strong></span> <span class='ocrx_word' id='word_1_333' title='bbox 1776 5609 1805 5671; x_wconf 88' lang='grc' dir='ltr'><strong>Τ,</strong></span> <span class='ocrx_word' id='word_1_334' title='bbox 1825 5610 1904 5658; x_wconf 79' lang='lat' dir='ltr'><strong>atleta</strong></span> <span class='ocrx_word' id='word_1_335' title='bbox 1923 5623 1972 5657; x_wconf 88' lang='lat' dir='ltr'><strong>non</strong></span> 
     </span>
     <span class='ocr_line' id='line_1_50' title="bbox 352 5693 1972 5758; baseline -0.003 -10"><span class='ocrx_word' id='word_1_336' title='bbox 352 5700 414 5749; x_wconf 82' lang='lat' dir='ltr'><strong>altas</strong></span> <span class='ocrx_word' id='word_1_337' title='bbox 428 5698 507 5749; x_wconf 72' lang='lat' dir='ltr'><strong>Musa.</strong></span> <span class='ocrx_word' id='word_1_338' title='bbox 612 5697 700 5746; x_wconf 76' lang='lat' dir='ltr'><strong>educto</strong></span> <span class='ocrx_word' id='word_1_339' title='bbox 716 5696 736 5743; x_wconf 89' lang='grc' dir='ltr'><em>Τ</em></span> <span class='ocrx_word' id='word_1_340' title='bbox 838 5694 885 5744; x_wconf 80' lang='lat' dir='ltr'><strong>tot</strong></span> <span class='ocrx_word' id='word_1_341' title='bbox 906 5695 1012 5744; x_wconf 86' lang='lat' dir='ltr'><strong>abdooto</strong></span> <span class='ocrx_word' id='word_1_342' title='bbox 1024 5694 1111 5754; x_wconf 59' lang='lat' dir='ltr'><strong>Belle„</strong></span> <span class='ocrx_word' id='word_1_343' title='bbox 1131 5696 1233 5743; x_wconf 77' lang='lat' dir='ltr'><strong>eductos</strong></span> <span class='ocrx_word' id='word_1_344' title='bbox 1248 5695 1277 5756; x_wconf 88' lang='grc' dir='ltr'><strong>Τ,</strong></span> <span class='ocrx_word' id='word_1_345' title='bbox 1297 5694 1416 5743; x_wconf 75' lang='lat' dir='ltr'><strong>addentes</strong></span> <span class='ocrx_word' id='word_1_346' title='bbox 1433 5695 1473 5743; x_wconf 80' lang='lat' dir='ltr'><strong>vel</strong></span> <span class='ocrx_word' id='word_1_347' title='bbox 1488 5693 1594 5742; x_wconf 77' lang='lat' dir='ltr'><strong>adducto</strong></span> <span class='ocrx_word' id='word_1_348' title='bbox 1610 5694 1689 5744; x_wconf 66' lang='lat' dir='ltr'><strong>Mnus.</strong></span> <span class='ocrx_word' id='word_1_349' title='bbox 1795 5693 1845 5744; x_wconf 77' lang='lat' dir='ltr'><strong>lot</strong></span> <span class='ocrx_word' id='word_1_350' title='bbox 1863 5695 1927 5744; x_wconf 75' lang='lat' dir='ltr'><strong>aries</strong></span> <span class='ocrx_word' id='word_1_351' title='bbox 1942 5695 1972 5758; x_wconf 89' lang='grc' dir='ltr'><strong>Τ,</strong></span> 
     </span>
     <span class='ocr_line' id='line_1_51' title="bbox 352 5779 1973 5844; baseline -0.003 -9"><span class='ocrx_word' id='word_1_352' title='bbox 352 5785 506 5835; x_wconf 67' lang='lat' dir='ltr'><strong>aelesBekt.</strong></span> <span class='ocrx_word' id='word_1_353' title='bbox 613 5782 662 5831; x_wconf 85' lang='grc'><strong>493</strong></span> <span class='ocrx_word' id='word_1_354' title='bbox 680 5782 843 5844; x_wconf 68' lang='lat' dir='ltr'><strong>beneBelrlr„</strong></span> <span class='ocrx_word' id='word_1_355' title='bbox 863 5784 927 5831; x_wconf 81' lang='lat' dir='ltr'><strong>bono</strong></span> <span class='ocrx_word' id='word_1_356' title='bbox 941 5781 972 5840; x_wconf 82' lang='grc' dir='ltr'><strong>Τ,</strong></span> <span class='ocrx_word' id='word_1_357' title='bbox 992 5793 1067 5843; x_wconf 84' lang='lat' dir='ltr'><strong>prope</strong></span> <span class='ocrx_word' id='word_1_358' title='bbox 1081 5779 1156 5829; x_wconf 76' lang='lat' dir='ltr'><strong>Musa.</strong></span> <span class='ocrx_word' id='word_1_359' title='bbox 1256 5779 1306 5830; x_wconf 75' lang='grc'><strong>404</strong></span> <span class='ocrx_word' id='word_1_360' title='bbox 1324 5779 1467 5828; x_wconf 82' lang='lat' dir='ltr'><strong>sonltlllsT</strong></span> <span class='ocrx_word' id='word_1_361' title='bbox 1551 5780 1723 5829; x_wconf 73' lang='lat' dir='ltr'><strong>moulmlnel&#39;</strong></span> <span class='ocrx_word' id='word_1_362' title='bbox 1826 5779 1876 5830; x_wconf 77' lang='grc'><strong>408</strong></span> <span class='ocrx_word' id='word_1_363' title='bbox 1894 5783 1973 5843; x_wconf 87' lang='lat' dir='ltr'><strong>quod·</strong></span> 
     </span>
     <span class='ocr_line' id='line_1_52' title="bbox 352 5867 1134 5935; baseline -0.009 -14"><span class='ocrx_word' id='word_1_364' title='bbox 352 5872 418 5935; x_wconf 85' lang='lat' dir='ltr'><strong>qnod</strong></span> <span class='ocrx_word' id='word_1_365' title='bbox 437 5872 580 5931; x_wconf 71' lang='lat' dir='ltr'><strong>Memorem,</strong></span> <span class='ocrx_word' id='word_1_366' title='bbox 600 5875 721 5932; x_wconf 87' lang='lat' dir='ltr'><strong>quotquot</strong></span> <span class='ocrx_word' id='word_1_367' title='bbox 741 5868 768 5929; x_wconf 91' lang='grc' dir='ltr'><strong>Τ,</strong></span> <span class='ocrx_word' id='word_1_368' title='bbox 788 5867 910 5932; x_wconf 87' lang='lat' dir='ltr'><strong>quidquid</strong></span> <span class='ocrx_word' id='word_1_369' title='bbox 929 5867 1042 5916; x_wconf 76' lang='lat' dir='ltr'><strong>dubitem</strong></span> <span class='ocrx_word' id='word_1_370' title='bbox 1060 5867 1134 5915; x_wconf 78' lang='lat' dir='ltr'><strong>Belrlr.</strong></span> 
     </span>
    </p>
   </div>
   <div class='ocr_carea' id='block_1_6' title="bbox 431 5969 1768 6018">
    <p class='ocr_par' dir='ltr' id='par_1_16' title="bbox 431 5969 1768 6018">
     <span class='ocr_line' id='line_1_53' title="bbox 431 5969 1768 6018; baseline 0.004 -5"><span class='ocrx_word' id='word_1_371' title='bbox 431 5972 550 6014; x_wconf 73' lang='lat' dir='ltr'><strong>commu.</strong></span> <span class='ocrx_word' id='word_1_372' title='bbox 1751 5969 1768 6018; x_wconf 74' lang='grc'><strong>4</strong></span> 
     </span>
    </p>
   </div>
   <div class='ocr_carea' id='block_1_7' title="bbox 0 0 2520 6725">
    <p class='ocr_par' dir='ltr' id='par_1_17' title="bbox 0 0 2520 6725">
     <span class='ocr_line' id='line_1_54' title="bbox 0 0 2520 6725; baseline 0 0"><span class='ocrx_word' id='word_1_373' title='bbox 0 0 2520 6725; x_wconf 95' lang='lat' dir='ltr'><strong> </strong></span> 
     </span>
    </p>
   </div>
  </div>
 </body>
</html>
