<?xml version="1.0" encoding="UTF-8"?>
<!DOCTYPE html PUBLIC "-//W3C//DTD XHTML 1.0 Transitional//EN"
    "http://www.w3.org/TR/xhtml1/DTD/xhtml1-transitional.dtd">
<html xmlns="http://www.w3.org/1999/xhtml" xml:lang="en" lang="en">
 <head>
  <title>
</title>
<meta http-equiv="Content-Type" content="text/html;charset=utf-8" />
  <meta name='ocr-system' content='tesseract 3.04.00' />
  <meta name='ocr-capabilities' content='ocr_page ocr_carea ocr_par ocr_line ocrx_word'/>
</head>
<body>
  <div class='ocr_page' id='page_1' title='image "./corippiafricani00partgoog_0089.png"; bbox 0 0 5030 6734; ppageno 0'>
   <div class='ocr_carea' id='block_1_1' title="bbox 1238 587 1386 642">
    <p class='ocr_par' dir='ltr' id='par_1_1' title="bbox 1238 587 1386 642">
     <span class='ocr_line' id='line_1_1' title="bbox 1238 587 1386 642; baseline 0 0"><span class='ocrx_word' id='word_1_1' title='bbox 1238 587 1386 642; x_wconf 82' lang='lat' dir='ltr'>CORlPPl</span> 
     </span>
    </p>
   </div>
   <div class='ocr_carea' id='block_1_2' title="bbox 771 774 1959 5272">
    <p class='ocr_par' dir='ltr' id='par_1_2' title="bbox 888 774 1820 1780">
     <span class='ocr_line' id='line_1_2' title="bbox 889 774 1611 859; baseline 0.001 -21"><span class='ocrx_word' id='word_1_2' title='bbox 889 774 1069 859; x_wconf 88' lang='lat' dir='ltr'>iuniperum</span> <span class='ocrx_word' id='word_1_3' title='bbox 1092 775 1176 841; x_wconf 86' lang='lat' dir='ltr'>ferro</span> <span class='ocrx_word' id='word_1_4' title='bbox 1198 774 1339 840; x_wconf 88' lang='lat' dir='ltr'>validam</span> <span class='ocrx_word' id='word_1_5' title='bbox 1363 774 1486 859; x_wconf 87' lang='lat' dir='ltr'>suffigit</span> <span class='ocrx_word' id='word_1_6' title='bbox 1507 783 1611 841; x_wconf 87' lang='lat' dir='ltr'>acuto.</span> 
     </span>
     <span class='ocr_line' id='line_1_3' title="bbox 889 877 1761 961; baseline 0.002 -20"><span class='ocrx_word' id='word_1_7' title='bbox 889 884 1059 960; x_wconf 83' lang='lat' dir='ltr'>castraque</span> <span class='ocrx_word' id='word_1_8' title='bbox 1081 896 1179 961; x_wconf 89' lang='lat' dir='ltr'>saepe</span> <span class='ocrx_word' id='word_1_9' title='bbox 1203 877 1284 942; x_wconf 88' lang='lat' dir='ltr'>levis</span> <span class='ocrx_word' id='word_1_10' title='bbox 1306 877 1386 942; x_wconf 90' lang='lat' dir='ltr'>duro</span> <span class='ocrx_word' id='word_1_11' title='bbox 1408 877 1494 943; x_wconf 88' lang='lat' dir='ltr'>iacet</span> <span class='ocrx_word' id='word_1_12' title='bbox 1515 878 1645 944; x_wconf 85' lang='lat' dir='ltr'>horrida</span> <span class='ocrx_word' id='word_1_13' title='bbox 1666 878 1761 943; x_wconf 88' lang='lat' dir='ltr'>dorso</span> 
     </span>
     <span class='ocr_line' id='line_1_4' title="bbox 889 979 1746 1066; baseline 0.002 -21"><span class='ocrx_word' id='word_1_14' title='bbox 889 986 946 1045; x_wconf 90' lang='lat' dir='ltr'>aut</span> <span class='ocrx_word' id='word_1_15' title='bbox 967 979 1061 1044; x_wconf 87' lang='lat' dir='ltr'>lateri</span> <span class='ocrx_word' id='word_1_16' title='bbox 1082 998 1241 1064; x_wconf 89' lang='lat' dir='ltr'>suspensa</span> <span class='ocrx_word' id='word_1_17' title='bbox 1263 979 1360 1044; x_wconf 89' lang='lat' dir='ltr'>cadit.</span> <span class='ocrx_word' id='word_1_18' title='bbox 1407 981 1598 1047; x_wconf 88' lang='lat' dir='ltr'>substrictus</span> <span class='ocrx_word' id='word_1_19' title='bbox 1620 990 1654 1046; x_wconf 93' lang='lat' dir='ltr'>at</span> <span class='ocrx_word' id='word_1_20' title='bbox 1676 981 1746 1066; x_wconf 89' lang='lat' dir='ltr'>ipse</span> 
     </span>
     <span class='ocr_line' id='line_1_5' title="bbox 888 1080 1681 1167; baseline -0.001 -21"><span class='ocrx_word' id='word_1_21' title='bbox 888 1101 996 1146; x_wconf 89' lang='lat' dir='ltr'>mucro</span> <span class='ocrx_word' id='word_1_22' title='bbox 1018 1080 1193 1146; x_wconf 81' lang='lat' dir='ltr'>fulmineus</span> <span class='ocrx_word' id='word_1_23' title='bbox 1216 1082 1310 1147; x_wconf 83' lang='lat' dir='ltr'>laevo</span> <span class='ocrx_word' id='word_1_24' title='bbox 1333 1081 1496 1167; x_wconf 81' lang='lat' dir='ltr'><strong>dependet</strong></span> <span class='ocrx_word' id='word_1_25' title='bbox 1517 1084 1558 1148; x_wconf 90' lang='lat' dir='ltr'>ab</span> <span class='ocrx_word' id='word_1_26' title='bbox 1581 1103 1681 1148; x_wconf 90' lang='lat' dir='ltr'>armo.</span> 
     </span>
     <span class='ocr_line' id='line_1_6' title="bbox 889 1169 1775 1297; baseline 0.001 -49"><span class='ocrx_word' id='word_1_27' title='bbox 889 1185 1007 1268; x_wconf 91' lang='lat' dir='ltr'>quique</span> <span class='ocrx_word' id='word_1_28' title='bbox 1029 1183 1130 1248; x_wconf 80' lang='lat' dir='ltr'>Vadis</span> <span class='ocrx_word' id='word_1_29' title='bbox 1152 1169 1261 1297; x_wconf 62' lang='lat' dir='ltr'>tepidp</span> <span class='ocrx_word' id='word_1_30' title='bbox 1284 1204 1408 1250; x_wconf 89' lang='lat' dir='ltr'>messes</span> <span class='ocrx_word' id='word_1_31' title='bbox 1430 1185 1482 1250; x_wconf 91' lang='lat' dir='ltr'>bis</span> <span class='ocrx_word' id='word_1_32' title='bbox 1504 1184 1614 1251; x_wconf 91' lang='lat' dir='ltr'>tondet</span> <span class='ocrx_word' id='word_1_33' title='bbox 1635 1185 1669 1250; x_wconf 91' lang='lat' dir='ltr'>in</span> <span class='ocrx_word' id='word_1_34' title='bbox 1691 1206 1775 1249; x_wconf 91' lang='lat' dir='ltr'>anno</span> 
     </span>
     <span class='ocr_line' id='line_1_7' title="bbox 890 1286 1808 1371; baseline 0 -21"><span class='ocrx_word' id='word_1_35' title='bbox 890 1286 1021 1351; x_wconf 90' lang='lat' dir='ltr'>Maurus</span> <span class='ocrx_word' id='word_1_36' title='bbox 1041 1305 1156 1369; x_wconf 87' lang='lat' dir='ltr'>arans,</span> <span class='ocrx_word' id='word_1_37' title='bbox 1183 1287 1258 1351; x_wconf 93' lang='lat' dir='ltr'>bino</span> <span class='ocrx_word' id='word_1_38' title='bbox 1280 1287 1467 1371; x_wconf 79' lang='lat' dir='ltr'>perstringit</span> <span class='ocrx_word' id='word_1_39' title='bbox 1488 1294 1521 1353; x_wconf 89' lang='lat' dir='ltr'>et</span> <span class='ocrx_word' id='word_1_40' title='bbox 1543 1287 1663 1353; x_wconf 89' lang='lat' dir='ltr'>hordea</span> <span class='ocrx_word' id='word_1_41' title='bbox 1685 1288 1808 1365; x_wconf 82' lang='lat' dir='ltr'>culmo,</span> 
     </span>
     <span class='ocr_line' id='line_1_8' title="bbox 890 1386 1728 1469; baseline -0.001 -16"><span class='ocrx_word' id='word_1_42' title='bbox 890 1388 971 1469; x_wconf 89' lang='lat' dir='ltr'>heu,</span> <span class='ocrx_word' id='word_1_43' title='bbox 997 1386 1074 1453; x_wconf 85' lang='lat' dir='ltr'>furit</span> <span class='ocrx_word' id='word_1_44' title='bbox 1094 1388 1129 1453; x_wconf 92' lang='lat' dir='ltr'>in</span> <span class='ocrx_word' id='word_1_45' title='bbox 1152 1388 1238 1453; x_wconf 90' lang='lat' dir='ltr'>sicca</span> <span class='ocrx_word' id='word_1_46' title='bbox 1259 1388 1382 1454; x_wconf 85' lang='lat' dir='ltr'>Phoebi</span> <span class='ocrx_word' id='word_1_47' title='bbox 1405 1389 1573 1454; x_wconf 90' lang='lat' dir='ltr'>candentis</span> <span class='ocrx_word' id='word_1_48' title='bbox 1595 1390 1728 1454; x_wconf 81' lang='lat' dir='ltr'><strong>harena.</strong></span> 
     </span>
     <span class='ocr_line' id='line_1_9' title="bbox 890 1490 1820 1576; baseline -0.002 -19"><span class='ocrx_word' id='word_1_49' title='bbox 890 1497 1028 1575; x_wconf 90' lang='lat' dir='ltr'>quantus</span> <span class='ocrx_word' id='word_1_50' title='bbox 1049 1511 1138 1556; x_wconf 90' lang='lat' dir='ltr'>amor</span> <span class='ocrx_word' id='word_1_51' title='bbox 1159 1490 1317 1576; x_wconf 88' lang='lat' dir='ltr'>praedael</span> <span class='ocrx_word' id='word_1_52' title='bbox 1366 1492 1521 1557; x_wconf 90' lang='lat' dir='ltr'>toleratur</span> <span class='ocrx_word' id='word_1_53' title='bbox 1543 1491 1687 1557; x_wconf 82' lang='lat' dir='ltr'>fervidas</span> <span class='ocrx_word' id='word_1_54' title='bbox 1708 1491 1820 1569; x_wconf 87' lang='lat' dir='ltr'>ardor,</span> 
     </span>
     <span class='ocr_line' id='line_1_10' title="bbox 892 1592 1756 1677; baseline -0.001 -18"><span class='ocrx_word' id='word_1_55' title='bbox 892 1595 1103 1676; x_wconf 83' lang='lat' dir='ltr'>sufferturque</span> <span class='ocrx_word' id='word_1_56' title='bbox 1125 1592 1229 1659; x_wconf 86' lang='lat' dir='ltr'>fames</span> <span class='ocrx_word' id='word_1_57' title='bbox 1250 1600 1405 1659; x_wconf 88' lang='lat' dir='ltr'>terrarum</span> <span class='ocrx_word' id='word_1_58' title='bbox 1428 1600 1601 1676; x_wconf 87' lang='lat' dir='ltr'>aestusque</span> <span class='ocrx_word' id='word_1_59' title='bbox 1623 1593 1756 1677; x_wconf 80' lang='lat' dir='ltr'><strong>sitisque</strong></span> 
     </span>
     <span class='ocr_line' id='line_1_11' title="bbox 892 1695 1693 1780; baseline 0 -19"><span class='ocrx_word' id='word_1_60' title='bbox 892 1697 1004 1763; x_wconf 89' lang='lat' dir='ltr'>Martis</span> <span class='ocrx_word' id='word_1_61' title='bbox 1026 1716 1134 1762; x_wconf 87' lang='lat' dir='ltr'>amore</span> <span class='ocrx_word' id='word_1_62' title='bbox 1156 1695 1215 1761; x_wconf 82' lang='lat' dir='ltr'>ieri</span> <span class='ocrx_word' id='word_1_63' title='bbox 1238 1696 1405 1779; x_wconf 90' lang='lat' dir='ltr'>turpisque</span> <span class='ocrx_word' id='word_1_64' title='bbox 1428 1695 1577 1780; x_wconf 91' lang='lat' dir='ltr'>cupidine</span> <span class='ocrx_word' id='word_1_65' title='bbox 1599 1696 1693 1761; x_wconf 90' lang='lat' dir='ltr'>lucri.</span> 
     </span>
    </p>

    <p class='ocr_par' dir='ltr' id='par_1_3' title="bbox 893 1796 1837 2599">
     <span class='ocr_line' id='line_1_12' title="bbox 977 1796 1807 1882; baseline -0.001 -19"><span class='ocrx_word' id='word_1_66' title='bbox 977 1799 1043 1865; x_wconf 88' lang='lat' dir='ltr'>iam</span> <span class='ocrx_word' id='word_1_67' title='bbox 1066 1797 1156 1864; x_wconf 85' lang='lat' dir='ltr'>fortis</span> <span class='ocrx_word' id='word_1_68' title='bbox 1178 1817 1353 1882; x_wconf 90' lang='lat' dir='ltr'>properans</span> <span class='ocrx_word' id='word_1_69' title='bbox 1375 1796 1493 1863; x_wconf 90' lang='lat' dir='ltr'>densos</span> <span class='ocrx_word' id='word_1_70' title='bbox 1515 1798 1675 1864; x_wconf 78' lang='lat' dir='ltr'>exereitus</span> <span class='ocrx_word' id='word_1_71' title='bbox 1697 1799 1807 1864; x_wconf 85' lang='lat' dir='ltr'>hostes</span> 
     </span>
     <span class='ocr_line' id='line_1_13' title="bbox 893 1900 1742 1983; baseline 0.002 -18"><span class='ocrx_word' id='word_1_72' title='bbox 893 1902 1053 1967; x_wconf 91' lang='lat' dir='ltr'>montibus</span> <span class='ocrx_word' id='word_1_73' title='bbox 1074 1902 1109 1966; x_wconf 92' lang='lat' dir='ltr'>in</span> <span class='ocrx_word' id='word_1_74' title='bbox 1131 1902 1264 1966; x_wconf 90' lang='lat' dir='ltr'>summis</span> <span class='ocrx_word' id='word_1_75' title='bbox 1287 1908 1320 1966; x_wconf 91' lang='lat' dir='ltr'>et</span> <span class='ocrx_word' id='word_1_76' title='bbox 1340 1901 1476 1966; x_wconf 89' lang='lat' dir='ltr'>collibus</span> <span class='ocrx_word' id='word_1_77' title='bbox 1499 1919 1571 1967; x_wconf 89' lang='lat' dir='ltr'>esse</span> <span class='ocrx_word' id='word_1_78' title='bbox 1593 1900 1742 1983; x_wconf 85' lang='lat' dir='ltr'>ridebat,</span> 
     </span>
     <span class='ocr_line' id='line_1_14' title="bbox 893 2002 1732 2086; baseline 0 -19"><span class='ocrx_word' id='word_1_79' title='bbox 893 2004 1116 2085; x_wconf 79' lang='lat' dir='ltr'><strong>fumantesque</strong></span> <span class='ocrx_word' id='word_1_80' title='bbox 1139 2004 1225 2069; x_wconf 92' lang='lat' dir='ltr'>locos</span> <span class='ocrx_word' id='word_1_81' title='bbox 1247 2002 1385 2068; x_wconf 89' lang='lat' dir='ltr'>flammis</span> <span class='ocrx_word' id='word_1_82' title='bbox 1408 2003 1571 2086; x_wconf 83' lang='lat' dir='ltr'>silvasque</span> <span class='ocrx_word' id='word_1_83' title='bbox 1594 2005 1732 2070; x_wconf 90' lang='lat' dir='ltr'>latentes</span> 
     </span>
     <span class='ocr_line' id='line_1_15' title="bbox 893 2106 1737 2190; baseline 0.001 -19"><span class='ocrx_word' id='word_1_84' title='bbox 893 2107 1022 2190; x_wconf 81' lang='lat' dir='ltr'>agmine</span> <span class='ocrx_word' id='word_1_85' title='bbox 1045 2106 1205 2171; x_wconf 89' lang='lat' dir='ltr'>condenso</span> <span class='ocrx_word' id='word_1_86' title='bbox 1228 2106 1352 2171; x_wconf 90' lang='lat' dir='ltr'>nullum</span> <span class='ocrx_word' id='word_1_87' title='bbox 1374 2113 1550 2170; x_wconf 89' lang='lat' dir='ltr'>monstrare</span> <span class='ocrx_word' id='word_1_88' title='bbox 1572 2126 1737 2172; x_wconf 88' lang='lat' dir='ltr'>cacumen.</span> 
     </span>
     <span class='ocr_line' id='line_1_16' title="bbox 894 2208 1837 2294; baseline 0 -20"><span class='ocrx_word' id='word_1_89' title='bbox 894 2210 1001 2274; x_wconf 90' lang='lat' dir='ltr'>omnia</span> <span class='ocrx_word' id='word_1_90' title='bbox 1022 2216 1107 2275; x_wconf 85' lang='lat' dir='ltr'>tecta</span> <span class='ocrx_word' id='word_1_91' title='bbox 1129 2210 1241 2275; x_wconf 89' lang='lat' dir='ltr'>latent.</span> <span class='ocrx_word' id='word_1_92' title='bbox 1288 2229 1351 2273; x_wconf 80' lang='lat' dir='ltr'>vox</span> <span class='ocrx_word' id='word_1_93' title='bbox 1374 2208 1515 2291; x_wconf 90' lang='lat' dir='ltr'>undique</span> <span class='ocrx_word' id='word_1_94' title='bbox 1537 2228 1636 2274; x_wconf 87' lang='lat' dir='ltr'>saeva</span> <span class='ocrx_word' id='word_1_95' title='bbox 1658 2230 1716 2294; x_wconf 87' lang='lat' dir='ltr'>per</span> <span class='ocrx_word' id='word_1_96' title='bbox 1740 2230 1837 2275; x_wconf 87' lang='lat' dir='ltr'>auras</span> 
     </span>
     <span class='ocr_line' id='line_1_17' title="bbox 893 2310 1668 2394; baseline -0.001 -17"><span class='ocrx_word' id='word_1_97' title='bbox 893 2311 1068 2377; x_wconf 86' lang='lat' dir='ltr'>indiscreta</span> <span class='ocrx_word' id='word_1_98' title='bbox 1089 2318 1191 2377; x_wconf 88' lang='lat' dir='ltr'>sonat.</span> <span class='ocrx_word' id='word_1_99' title='bbox 1237 2311 1328 2376; x_wconf 88' lang='lat' dir='ltr'>lucos</span> <span class='ocrx_word' id='word_1_100' title='bbox 1351 2310 1513 2394; x_wconf 88' lang='lat' dir='ltr'>silvasque</span> <span class='ocrx_word' id='word_1_101' title='bbox 1536 2330 1668 2376; x_wconf 89' lang='lat' dir='ltr'>sonoras</span> 
     </span>
     <span class='ocr_line' id='line_1_18' title="bbox 895 2412 1658 2499; baseline 0 -19"><span class='ocrx_word' id='word_1_102' title='bbox 895 2421 1087 2499; x_wconf 87' lang='lat' dir='ltr'>tempestate</span> <span class='ocrx_word' id='word_1_103' title='bbox 1109 2420 1203 2498; x_wconf 91' lang='lat' dir='ltr'>putes</span> <span class='ocrx_word' id='word_1_104' title='bbox 1225 2412 1325 2478; x_wconf 89' lang='lat' dir='ltr'>nimia</span> <span class='ocrx_word' id='word_1_105' title='bbox 1348 2413 1497 2478; x_wconf 88' lang='lat' dir='ltr'>veniente</span> <span class='ocrx_word' id='word_1_106' title='bbox 1520 2414 1658 2497; x_wconf 84' lang='lat' dir='ltr'>moveri,</span> 
     </span>
     <span class='ocr_line' id='line_1_19' title="bbox 895 2515 1657 2599; baseline 0.001 -18"><span class='ocrx_word' id='word_1_107' title='bbox 895 2518 987 2582; x_wconf 88' lang='lat' dir='ltr'>litore</span> <span class='ocrx_word' id='word_1_108' title='bbox 1010 2516 1140 2582; x_wconf 89' lang='lat' dir='ltr'>collisas</span> <span class='ocrx_word' id='word_1_109' title='bbox 1163 2516 1349 2598; x_wconf 76' lang='lat' dir='ltr'><strong>frangentes</strong></span> <span class='ocrx_word' id='word_1_110' title='bbox 1372 2515 1521 2599; x_wconf 87' lang='lat' dir='ltr'>aequoris</span> <span class='ocrx_word' id='word_1_111' title='bbox 1543 2515 1657 2582; x_wconf 90' lang='lat' dir='ltr'>undas.</span> 
     </span>
    </p>

    <p class='ocr_par' dir='ltr' id='par_1_4' title="bbox 771 2618 1871 4347">
     <span class='ocr_line' id='line_1_20' title="bbox 771 2618 1871 2703; baseline 0.002 -20"><span class='ocrx_word' id='word_1_112' title='bbox 771 2643 782 2683; x_wconf 78' lang='lat' dir='ltr'>r</span> <span class='ocrx_word' id='word_1_113' title='bbox 896 2619 970 2685; x_wconf 89' lang='lat' dir='ltr'>hinc</span> <span class='ocrx_word' id='word_1_114' title='bbox 991 2618 1142 2685; x_wconf 89' lang='lat' dir='ltr'>iuvenum</span> <span class='ocrx_word' id='word_1_115' title='bbox 1165 2620 1300 2699; x_wconf 90' lang='lat' dir='ltr'>clamor,</span> <span class='ocrx_word' id='word_1_116' title='bbox 1326 2619 1534 2701; x_wconf 78' lang='lat' dir='ltr'>fremitusque</span> <span class='ocrx_word' id='word_1_117' title='bbox 1557 2619 1697 2685; x_wconf 78' lang='lat' dir='ltr'>ardescit</span> <span class='ocrx_word' id='word_1_118' title='bbox 1719 2639 1871 2703; x_wconf 89' lang='lat' dir='ltr'>equorum</span> 
     </span>
     <span class='ocr_line' id='line_1_21' title="bbox 895 2721 1796 2788; baseline -0.001 -2"><span class='ocrx_word' id='word_1_119' title='bbox 895 2722 971 2788; x_wconf 89' lang='lat' dir='ltr'>inde</span> <span class='ocrx_word' id='word_1_120' title='bbox 993 2721 1115 2788; x_wconf 84' lang='lat' dir='ltr'>furens.</span> <span class='ocrx_word' id='word_1_121' title='bbox 1157 2721 1302 2787; x_wconf 85' lang='lat' dir='ltr'>tremulis</span> <span class='ocrx_word' id='word_1_122' title='bbox 1324 2721 1501 2787; x_wconf 87' lang='lat' dir='ltr'>ululatibus</span> <span class='ocrx_word' id='word_1_123' title='bbox 1522 2722 1656 2787; x_wconf 76' lang='lat' dir='ltr'>aethera</span> <span class='ocrx_word' id='word_1_124' title='bbox 1678 2730 1796 2788; x_wconf 85' lang='lat' dir='ltr'>matres</span> 
     </span>
     <span class='ocr_line' id='line_1_22' title="bbox 896 2823 1762 2909; baseline 0 -19"><span class='ocrx_word' id='word_1_125' title='bbox 896 2824 1092 2890; x_wconf 87' lang='lat' dir='ltr'>concutiunt.</span> <span class='ocrx_word' id='word_1_126' title='bbox 1139 2823 1242 2889; x_wconf 83' lang='lat' dir='ltr'>ferret</span> <span class='ocrx_word' id='word_1_127' title='bbox 1262 2823 1387 2909; x_wconf 85' lang='lat' dir='ltr'>trepido</span> <span class='ocrx_word' id='word_1_128' title='bbox 1409 2832 1486 2889; x_wconf 91' lang='lat' dir='ltr'>tunc</span> <span class='ocrx_word' id='word_1_129' title='bbox 1506 2831 1592 2890; x_wconf 90' lang='lat' dir='ltr'>terra</span> <span class='ocrx_word' id='word_1_130' title='bbox 1613 2825 1762 2891; x_wconf 91' lang='lat' dir='ltr'>tumultu.</span> 
     </span>
     <span class='ocr_line' id='line_1_23' title="bbox 897 2926 1766 3011; baseline 0.002 -20"><span class='ocrx_word' id='word_1_131' title='bbox 897 2934 1060 3011; x_wconf 89' lang='lat' dir='ltr'>pastorum</span> <span class='ocrx_word' id='word_1_132' title='bbox 1083 2946 1158 2992; x_wconf 89' lang='lat' dir='ltr'>ecce</span> <span class='ocrx_word' id='word_1_133' title='bbox 1181 2926 1270 2992; x_wconf 85' lang='lat' dir='ltr'>venit</span> <span class='ocrx_word' id='word_1_134' title='bbox 1293 2926 1422 3010; x_wconf 78' lang='lat' dir='ltr'>fugiens</span> <span class='ocrx_word' id='word_1_135' title='bbox 1445 2947 1463 2992; x_wconf 89' lang='grc' dir='ltr'><strong>ο</strong></span> <span class='ocrx_word' id='word_1_136' title='bbox 1486 2928 1626 2992; x_wconf 88' lang='lat' dir='ltr'>vallibus</span> <span class='ocrx_word' id='word_1_137' title='bbox 1648 2948 1766 3011; x_wconf 82' lang='lat' dir='ltr'>agmen</span> 
     </span>
     <span class='ocr_line' id='line_1_24' title="bbox 897 3029 1787 3116; baseline 0.001 -21"><span class='ocrx_word' id='word_1_138' title='bbox 897 3030 998 3095; x_wconf 91' lang='lat' dir='ltr'>hostis</span> <span class='ocrx_word' id='word_1_139' title='bbox 1020 3029 1061 3095; x_wconf 91' lang='lat' dir='ltr'>ab</span> <span class='ocrx_word' id='word_1_140' title='bbox 1083 3029 1236 3095; x_wconf 90' lang='lat' dir='ltr'>adventu.</span> <span class='ocrx_word' id='word_1_141' title='bbox 1284 3029 1443 3114; x_wconf 75' lang='lat' dir='ltr'>pecudum</span> <span class='ocrx_word' id='word_1_142' title='bbox 1466 3050 1524 3114; x_wconf 89' lang='lat' dir='ltr'>per</span> <span class='ocrx_word' id='word_1_143' title='bbox 1545 3038 1638 3116; x_wconf 83' lang='lat' dir='ltr'>prata</span> <span class='ocrx_word' id='word_1_144' title='bbox 1658 3031 1787 3097; x_wconf 89' lang='lat' dir='ltr'>balatus</span> 
     </span>
     <span class='ocr_line' id='line_1_25' title="bbox 897 3132 1731 3217; baseline 0.002 -20"><span class='ocrx_word' id='word_1_145' title='bbox 897 3139 1066 3217; x_wconf 79' lang='lat' dir='ltr'>consonat,</span> <span class='ocrx_word' id='word_1_146' title='bbox 1092 3139 1125 3198; x_wconf 88' lang='lat' dir='ltr'>et</span> <span class='ocrx_word' id='word_1_147' title='bbox 1147 3133 1249 3198; x_wconf 86' lang='lat' dir='ltr'>densa</span> <span class='ocrx_word' id='word_1_148' title='bbox 1270 3132 1377 3217; x_wconf 86' lang='lat' dir='ltr'>pulvis</span> <span class='ocrx_word' id='word_1_149' title='bbox 1401 3133 1573 3198; x_wconf 88' lang='lat' dir='ltr'>succrescit</span> <span class='ocrx_word' id='word_1_150' title='bbox 1598 3133 1731 3199; x_wconf 89' lang='lat' dir='ltr'>harena.</span> 
     </span>
     <span class='ocr_line' id='line_1_26' title="bbox 897 3235 1708 3322; baseline 0.001 -22"><span class='ocrx_word' id='word_1_151' title='bbox 897 3236 961 3300; x_wconf 90' lang='lat' dir='ltr'>iam</span> <span class='ocrx_word' id='word_1_152' title='bbox 984 3235 1113 3321; x_wconf 88' lang='lat' dir='ltr'>sonipes</span> <span class='ocrx_word' id='word_1_153' title='bbox 1135 3235 1257 3322; x_wconf 88' lang='lat' dir='ltr'>campis</span> <span class='ocrx_word' id='word_1_154' title='bbox 1280 3236 1363 3300; x_wconf 84' lang='lat' dir='ltr'>laxis</span> <span class='ocrx_word' id='word_1_155' title='bbox 1386 3236 1533 3300; x_wconf 88' lang='lat' dir='ltr'>currebat</span> <span class='ocrx_word' id='word_1_156' title='bbox 1555 3236 1708 3318; x_wconf 87' lang='lat' dir='ltr'>habenis,</span> 
     </span>
     <span class='ocr_line' id='line_1_27' title="bbox 896 3336 1765 3423; baseline -0.001 -20"><span class='ocrx_word' id='word_1_157' title='bbox 896 3338 1017 3423; x_wconf 89' lang='lat' dir='ltr'>primus</span> <span class='ocrx_word' id='word_1_158' title='bbox 1039 3346 1072 3404; x_wconf 90' lang='lat' dir='ltr'>et</span> <span class='ocrx_word' id='word_1_159' title='bbox 1093 3339 1246 3404; x_wconf 87' lang='lat' dir='ltr'>armentis</span> <span class='ocrx_word' id='word_1_160' title='bbox 1268 3336 1423 3423; x_wconf 86' lang='lat' dir='ltr'>praedam</span> <span class='ocrx_word' id='word_1_161' title='bbox 1445 3338 1593 3422; x_wconf 88' lang='lat' dir='ltr'>rapiebat</span> <span class='ocrx_word' id='word_1_162' title='bbox 1614 3338 1656 3402; x_wconf 90' lang='lat' dir='ltr'>ab</span> <span class='ocrx_word' id='word_1_163' title='bbox 1678 3338 1765 3403; x_wconf 90' lang='lat' dir='ltr'>altis.</span> 
     </span>
     <span class='ocr_line' id='line_1_28' title="bbox 897 3440 1708 3508; baseline -0.004 -1"><span class='ocrx_word' id='word_1_164' title='bbox 897 3442 1011 3507; x_wconf 89' lang='lat' dir='ltr'>obvius</span> <span class='ocrx_word' id='word_1_165' title='bbox 1033 3461 1107 3508; x_wconf 89' lang='lat' dir='ltr'>ecce</span> <span class='ocrx_word' id='word_1_166' title='bbox 1129 3441 1218 3507; x_wconf 89' lang='lat' dir='ltr'>venit</span> <span class='ocrx_word' id='word_1_167' title='bbox 1240 3441 1347 3507; x_wconf 88' lang='lat' dir='ltr'>saevis</span> <span class='ocrx_word' id='word_1_168' title='bbox 1370 3440 1411 3507; x_wconf 90' lang='lat' dir='ltr'>de</span> <span class='ocrx_word' id='word_1_169' title='bbox 1434 3440 1583 3506; x_wconf 86' lang='lat' dir='ltr'>faucibus</span> <span class='ocrx_word' id='word_1_170' title='bbox 1606 3441 1708 3506; x_wconf 89' lang='lat' dir='ltr'>hostis</span> 
     </span>
     <span class='ocr_line' id='line_1_29' title="bbox 897 3541 1719 3628; baseline -0.002 -20"><span class='ocrx_word' id='word_1_171' title='bbox 897 3564 1005 3624; x_wconf 88' lang='lat' dir='ltr'>rarus,</span> <span class='ocrx_word' id='word_1_172' title='bbox 1032 3550 1065 3609; x_wconf 90' lang='lat' dir='ltr'>et</span> <span class='ocrx_word' id='word_1_173' title='bbox 1084 3543 1118 3608; x_wconf 91' lang='lat' dir='ltr'>in</span> <span class='ocrx_word' id='word_1_174' title='bbox 1140 3543 1230 3608; x_wconf 90' lang='lat' dir='ltr'>nulla</span> <span class='ocrx_word' id='word_1_175' title='bbox 1252 3548 1397 3627; x_wconf 90' lang='lat' dir='ltr'>comptus</span> <span class='ocrx_word' id='word_1_176' title='bbox 1419 3541 1592 3628; x_wconf 89' lang='lat' dir='ltr'>procedere</span> <span class='ocrx_word' id='word_1_177' title='bbox 1614 3548 1719 3607; x_wconf 87' lang='lat' dir='ltr'>turma</span> 
     </span>
     <span class='ocr_line' id='line_1_30' title="bbox 898 3644 1784 3730; baseline -0.001 -19"><span class='ocrx_word' id='word_1_178' title='bbox 898 3647 1055 3730; x_wconf 81' lang='lat' dir='ltr'>cernitur,</span> <span class='ocrx_word' id='word_1_179' title='bbox 1080 3645 1234 3711; x_wconf 87' lang='lat' dir='ltr'>adversos</span> <span class='ocrx_word' id='word_1_180' title='bbox 1256 3665 1316 3711; x_wconf 91' lang='lat' dir='ltr'>nec</span> <span class='ocrx_word' id='word_1_181' title='bbox 1337 3665 1468 3730; x_wconf 89' lang='lat' dir='ltr'>poscere</span> <span class='ocrx_word' id='word_1_182' title='bbox 1491 3644 1635 3711; x_wconf 83' lang='lat' dir='ltr'>fervidus</span> <span class='ocrx_word' id='word_1_183' title='bbox 1658 3645 1784 3726; x_wconf 84' lang='lat' dir='ltr'>hostes,</span> 
     </span>
     <span class='ocr_line' id='line_1_31' title="bbox 897 3747 1780 3831; baseline 0 -18"><span class='ocrx_word' id='word_1_184' title='bbox 897 3748 956 3814; x_wconf 89' lang='lat' dir='ltr'>sed</span> <span class='ocrx_word' id='word_1_185' title='bbox 977 3755 1100 3814; x_wconf 91' lang='lat' dir='ltr'>tantum</span> <span class='ocrx_word' id='word_1_186' title='bbox 1123 3748 1261 3813; x_wconf 89' lang='lat' dir='ltr'>clamore</span> <span class='ocrx_word' id='word_1_187' title='bbox 1284 3747 1372 3814; x_wconf 87' lang='lat' dir='ltr'>furit.</span> <span class='ocrx_word' id='word_1_188' title='bbox 1419 3756 1487 3813; x_wconf 90' lang='lat' dir='ltr'>tum</span> <span class='ocrx_word' id='word_1_189' title='bbox 1508 3749 1637 3831; x_wconf 85' lang='lat' dir='ltr'>tragula</span> <span class='ocrx_word' id='word_1_190' title='bbox 1660 3750 1780 3815; x_wconf 85' lang='lat' dir='ltr'>crebris</span> 
     </span>
     <span class='ocr_line' id='line_1_32' title="bbox 900 3850 1608 3934; baseline 0 -19"><span class='ocrx_word' id='word_1_191' title='bbox 900 3851 1030 3917; x_wconf 87' lang='lat' dir='ltr'>nutibus</span> <span class='ocrx_word' id='word_1_192' title='bbox 1052 3871 1071 3916; x_wconf 87' lang='lat' dir='ltr'>e</span> <span class='ocrx_word' id='word_1_193' title='bbox 1094 3850 1185 3915; x_wconf 83' lang='lat' dir='ltr'>silvis</span> <span class='ocrx_word' id='word_1_194' title='bbox 1206 3851 1295 3916; x_wconf 89' lang='lat' dir='ltr'>acies</span> <span class='ocrx_word' id='word_1_195' title='bbox 1317 3851 1441 3932; x_wconf 90' lang='lat' dir='ltr'>agitata</span> <span class='ocrx_word' id='word_1_196' title='bbox 1462 3851 1608 3934; x_wconf 86' lang='lat' dir='ltr'>requirit,</span> 
     </span>
     <span class='ocr_line' id='line_1_33' title="bbox 897 3954 1690 4037; baseline -0.001 -18"><span class='ocrx_word' id='word_1_197' title='bbox 897 3954 1081 4037; x_wconf 88' lang='lat' dir='ltr'>auxilioque</span> <span class='ocrx_word' id='word_1_198' title='bbox 1104 3959 1198 4018; x_wconf 86' lang='lat' dir='ltr'>vocat</span> <span class='ocrx_word' id='word_1_199' title='bbox 1219 3954 1400 4019; x_wconf 88' lang='lat' dir='ltr'>Maurorum</span> <span class='ocrx_word' id='word_1_200' title='bbox 1421 3973 1509 4019; x_wconf 89' lang='lat' dir='ltr'>more</span> <span class='ocrx_word' id='word_1_201' title='bbox 1531 3960 1690 4020; x_wconf 86' lang='lat' dir='ltr'>catervas.</span> 
     </span>
     <span class='ocr_line' id='line_1_34' title="bbox 900 4056 1786 4141; baseline 0 -20"><span class='ocrx_word' id='word_1_202' title='bbox 900 4058 1048 4123; x_wconf 87' lang='lat' dir='ltr'>convolat</span> <span class='ocrx_word' id='word_1_203' title='bbox 1069 4076 1146 4138; x_wconf 90' lang='lat' dir='ltr'>ergo</span> <span class='ocrx_word' id='word_1_204' title='bbox 1169 4057 1255 4122; x_wconf 87' lang='lat' dir='ltr'>celer</span> <span class='ocrx_word' id='word_1_205' title='bbox 1275 4057 1380 4141; x_wconf 88' lang='lat' dir='ltr'>prima</span> <span class='ocrx_word' id='word_1_206' title='bbox 1401 4056 1444 4120; x_wconf 86' lang='lat' dir='ltr'>ad</span> <span class='ocrx_word' id='word_1_207' title='bbox 1467 4056 1642 4122; x_wconf 87' lang='lat' dir='ltr'>certamina</span> <span class='ocrx_word' id='word_1_208' title='bbox 1664 4059 1786 4123; x_wconf 83' lang='lat' dir='ltr'>Frexes</span> 
     </span>
     <span class='ocr_line' id='line_1_35' title="bbox 898 4157 1747 4243; baseline -0.001 -18"><span class='ocrx_word' id='word_1_209' title='bbox 898 4161 1001 4225; x_wconf 90' lang='lat' dir='ltr'>Marte</span> <span class='ocrx_word' id='word_1_210' title='bbox 1024 4160 1105 4243; x_wconf 86' lang='lat' dir='ltr'>leri,</span> <span class='ocrx_word' id='word_1_211' title='bbox 1130 4165 1317 4240; x_wconf 86' lang='lat' dir='ltr'>tantumque</span> <span class='ocrx_word' id='word_1_212' title='bbox 1340 4157 1440 4242; x_wconf 81' lang='lat' dir='ltr'>fugax</span> <span class='ocrx_word' id='word_1_213' title='bbox 1463 4167 1608 4226; x_wconf 84' lang='lat' dir='ltr'>armenta</span> <span class='ocrx_word' id='word_1_214' title='bbox 1629 4166 1747 4225; x_wconf 87' lang='lat' dir='ltr'>tuetur.</span> 
     </span>
     <span class='ocr_line' id='line_1_36' title="bbox 899 4261 1728 4347; baseline 0.001 -20"><span class='ocrx_word' id='word_1_215' title='bbox 899 4269 1048 4329; x_wconf 87' lang='lat' dir='ltr'>constans</span> <span class='ocrx_word' id='word_1_216' title='bbox 1069 4283 1142 4328; x_wconf 88' lang='lat' dir='ltr'>nam</span> <span class='ocrx_word' id='word_1_217' title='bbox 1166 4261 1265 4327; x_wconf 92' lang='lat' dir='ltr'>nullis</span> <span class='ocrx_word' id='word_1_218' title='bbox 1286 4261 1374 4327; x_wconf 88' lang='lat' dir='ltr'>acies</span> <span class='ocrx_word' id='word_1_219' title='bbox 1396 4261 1596 4347; x_wconf 88' lang='lat' dir='ltr'>componitur</span> <span class='ocrx_word' id='word_1_220' title='bbox 1617 4262 1728 4328; x_wconf 87' lang='lat' dir='ltr'>armis.</span> 
     </span>
    </p>

    <p class='ocr_par' dir='ltr' id='par_1_5' title="bbox 899 4364 1959 5272">
     <span class='ocr_line' id='line_1_37' title="bbox 985 4364 1959 4451; baseline 0 -19"><span class='ocrx_word' id='word_1_221' title='bbox 985 4386 1049 4432; x_wconf 91' lang='lat' dir='ltr'>non</span> <span class='ocrx_word' id='word_1_222' title='bbox 1070 4373 1177 4431; x_wconf 89' lang='lat' dir='ltr'>tamen</span> <span class='ocrx_word' id='word_1_223' title='bbox 1200 4365 1361 4451; x_wconf 85' lang='lat' dir='ltr'>inceptum</span> <span class='ocrx_word' id='word_1_224' title='bbox 1383 4364 1455 4431; x_wconf 82' lang='lat' dir='ltr'>tuso</span> <span class='ocrx_word' id='word_1_225' title='bbox 1478 4373 1529 4431; x_wconf 89' lang='lat' dir='ltr'>est</span> <span class='ocrx_word' id='word_1_226' title='bbox 1551 4385 1623 4430; x_wconf 88' lang='lat' dir='ltr'>cum</span> <span class='ocrx_word' id='word_1_227' title='bbox 1646 4367 1803 4450; x_wconf 89' lang='lat' dir='ltr'>sanguine</span> <span class='ocrx_word' id='word_1_228' title='bbox 1826 4367 1959 4433; x_wconf 90' lang='lat' dir='ltr'>bellum.</span> 
     </span>
     <span class='ocr_line' id='line_1_38' title="bbox 900 4438 1839 4554; baseline 0.003 -22"><span class='ocrx_word' id='word_1_229' title='bbox 900 4438 1055 4534; x_wconf 67' lang='lat' dir='ltr'>seierum</span> <span class='ocrx_word' id='word_1_230' title='bbox 1077 4468 1134 4534; x_wconf 90' lang='lat' dir='ltr'>ille</span> <span class='ocrx_word' id='word_1_231' title='bbox 1156 4474 1269 4553; x_wconf 88' lang='lat' dir='ltr'>potens</span> <span class='ocrx_word' id='word_1_232' title='bbox 1291 4488 1366 4533; x_wconf 89' lang='lat' dir='ltr'>nam</span> <span class='ocrx_word' id='word_1_233' title='bbox 1389 4468 1456 4535; x_wconf 81' lang='lat' dir='ltr'>dux</span> <span class='ocrx_word' id='word_1_234' title='bbox 1478 4477 1699 4554; x_wconf 84' lang='lat' dir='ltr'>praecesserat</span> <span class='ocrx_word' id='word_1_235' title='bbox 1721 4490 1839 4553; x_wconf 83' lang='lat' dir='ltr'>agmen</span> 
     </span>
     <span class='ocr_line' id='line_1_39' title="bbox 901 4569 1676 4655; baseline 0.004 -20"><span class='ocrx_word' id='word_1_236' title='bbox 901 4570 1039 4636; x_wconf 89' lang='lat' dir='ltr'>ductoris</span> <span class='ocrx_word' id='word_1_237' title='bbox 1060 4571 1168 4653; x_wconf 88' lang='lat' dir='ltr'>iussu,</span> <span class='ocrx_word' id='word_1_238' title='bbox 1194 4570 1325 4655; x_wconf 86' lang='lat' dir='ltr'>sapiens</span> <span class='ocrx_word' id='word_1_239' title='bbox 1348 4577 1381 4637; x_wconf 92' lang='lat' dir='ltr'>et</span> <span class='ocrx_word' id='word_1_240' title='bbox 1401 4569 1570 4636; x_wconf 82' lang='lat' dir='ltr'>Amantius</span> <span class='ocrx_word' id='word_1_241' title='bbox 1593 4592 1676 4655; x_wconf 86' lang='lat' dir='ltr'>una,</span> 
     </span>
     <span class='ocr_line' id='line_1_40' title="bbox 901 4672 1679 4757; baseline 0.004 -20"><span class='ocrx_word' id='word_1_242' title='bbox 901 4673 1036 4738; x_wconf 89' lang='lat' dir='ltr'>hostiles</span> <span class='ocrx_word' id='word_1_243' title='bbox 1058 4678 1215 4757; x_wconf 86' lang='lat' dir='ltr'>temptare</span> <span class='ocrx_word' id='word_1_244' title='bbox 1237 4672 1342 4756; x_wconf 83' lang='lat' dir='ltr'>locos,</span> <span class='ocrx_word' id='word_1_245' title='bbox 1368 4673 1553 4757; x_wconf 88' lang='lat' dir='ltr'>perquirere</span> <span class='ocrx_word' id='word_1_246' title='bbox 1575 4675 1679 4741; x_wconf 88' lang='lat' dir='ltr'>valles</span> 
     </span>
     <span class='ocr_line' id='line_1_41' title="bbox 901 4774 1691 4860; baseline 0.001 -20"><span class='ocrx_word' id='word_1_247' title='bbox 901 4783 933 4840; x_wconf 90' lang='lat' dir='ltr'>et</span> <span class='ocrx_word' id='word_1_248' title='bbox 955 4776 1048 4841; x_wconf 92' lang='lat' dir='ltr'>solito</span> <span class='ocrx_word' id='word_1_249' title='bbox 1070 4775 1204 4860; x_wconf 90' lang='lat' dir='ltr'>planare</span> <span class='ocrx_word' id='word_1_250' title='bbox 1227 4774 1308 4839; x_wconf 87' lang='lat' dir='ltr'>vias.</span> <span class='ocrx_word' id='word_1_251' title='bbox 1355 4795 1439 4841; x_wconf 90' lang='lat' dir='ltr'>nunc</span> <span class='ocrx_word' id='word_1_252' title='bbox 1460 4797 1581 4860; x_wconf 85' lang='lat' dir='ltr'>aggere</span> <span class='ocrx_word' id='word_1_253' title='bbox 1603 4778 1691 4844; x_wconf 88' lang='lat' dir='ltr'>celso</span> 
     </span>
     <span class='ocr_line' id='line_1_42' title="bbox 900 4878 1714 4969; baseline -0.001 -25"><span class='ocrx_word' id='word_1_254' title='bbox 900 4881 1064 4944; x_wconf 88' lang='lat' dir='ltr'>Romanae</span> <span class='ocrx_word' id='word_1_255' title='bbox 1087 4878 1202 4943; x_wconf 87' lang='lat' dir='ltr'>sistunt</span> <span class='ocrx_word' id='word_1_256' title='bbox 1224 4879 1329 4969; x_wconf 79' lang='lat' dir='ltr'>acies,</span> <span class='ocrx_word' id='word_1_257' title='bbox 1355 4886 1533 4961; x_wconf 88' lang='lat' dir='ltr'>gentesque</span> <span class='ocrx_word' id='word_1_258' title='bbox 1555 4879 1714 4945; x_wconf 80' lang='lat' dir='ltr'>nefandas</span> 
     </span>
     <span class='ocr_line' id='line_1_43' title="bbox 899 4980 1820 5073; baseline -0.003 -25"><span class='ocrx_word' id='word_1_259' title='bbox 899 4988 1071 5068; x_wconf 86' lang='lat' dir='ltr'>expectant</span> <span class='ocrx_word' id='word_1_260' title='bbox 1090 4980 1207 5063; x_wconf 84' lang='lat' dir='ltr'>oculis,</span> <span class='ocrx_word' id='word_1_261' title='bbox 1233 5000 1350 5073; x_wconf 86' lang='lat' dir='ltr'>magno</span> <span class='ocrx_word' id='word_1_262' title='bbox 1372 5002 1455 5063; x_wconf 91' lang='lat' dir='ltr'>quae</span> <span class='ocrx_word' id='word_1_263' title='bbox 1477 4981 1561 5047; x_wconf 82' lang='lat' dir='ltr'>terre</span> <span class='ocrx_word' id='word_1_264' title='bbox 1584 4983 1738 5065; x_wconf 90' lang='lat' dir='ltr'>magistro</span> <span class='ocrx_word' id='word_1_265' title='bbox 1800 4980 1820 5045; x_wconf 50' lang='grc' dir='ltr'>(ἦ</span> 
     </span>
     <span class='ocr_line' id='line_1_44' title="bbox 901 5072 1822 5167; baseline -0.003 -17"><span class='ocrx_word' id='word_1_266' title='bbox 901 5091 1008 5150; x_wconf 91' lang='lat' dir='ltr'>mente</span> <span class='ocrx_word' id='word_1_267' title='bbox 1030 5090 1147 5167; x_wconf 90' lang='lat' dir='ltr'>gerunt</span> <span class='ocrx_word' id='word_1_268' title='bbox 1168 5082 1279 5149; x_wconf 71' lang='lat' dir='ltr'>dubia</span> <span class='ocrx_word' id='word_1_269' title='bbox 1325 5078 1488 5167; x_wconf 84' lang='lat' dir='ltr'>nequeunt</span> <span class='ocrx_word' id='word_1_270' title='bbox 1508 5085 1645 5150; x_wconf 88' lang='lat' dir='ltr'>tolerare</span> <span class='ocrx_word' id='word_1_271' title='bbox 1667 5072 1822 5150; x_wconf 83' lang='lat' dir='ltr'>tumultus</span> 
     </span>
     <span class='ocr_line' id='line_1_45' title="bbox 901 5185 1781 5272; baseline -0.001 -18"><span class='ocrx_word' id='word_1_272' title='bbox 901 5207 962 5254; x_wconf 90' lang='lat' dir='ltr'>nec</span> <span class='ocrx_word' id='word_1_273' title='bbox 982 5186 1100 5253; x_wconf 89' lang='lat' dir='ltr'>densos</span> <span class='ocrx_word' id='word_1_274' title='bbox 1122 5185 1258 5252; x_wconf 88' lang='lat' dir='ltr'>lustrare</span> <span class='ocrx_word' id='word_1_275' title='bbox 1281 5185 1378 5250; x_wconf 90' lang='lat' dir='ltr'>locos.</span> <span class='ocrx_word' id='word_1_276' title='bbox 1425 5186 1497 5270; x_wconf 92' lang='lat' dir='ltr'>quis</span> <span class='ocrx_word' id='word_1_277' title='bbox 1519 5205 1649 5251; x_wconf 87' lang='lat' dir='ltr'>cernere</span> <span class='ocrx_word' id='word_1_278' title='bbox 1671 5194 1781 5272; x_wconf 85' lang='lat' dir='ltr'>posset</span> 
     </span>
    </p>
   </div>
   <div class='ocr_carea' id='block_1_3' title="bbox 518 5360 930 5368">
    <p class='ocr_par' dir='ltr' id='par_1_6' title="bbox 518 5360 930 5368">
     <span class='ocr_line' id='line_1_46' title="bbox 518 5360 930 5368; baseline 0 -1"><span class='ocrx_word' id='word_1_279' title='bbox 518 5361 684 5368; x_wconf 72' lang='lat'><em>-—-—--.-</em></span> <span class='ocrx_word' id='word_1_280' title='bbox 694 5360 930 5368; x_wconf 70' lang='lat'>.--—--</span> 
     </span>
    </p>
   </div>
   <div class='ocr_carea' id='block_1_4' title="bbox 516 5445 2145 5929">
    <p class='ocr_par' dir='ltr' id='par_1_7' title="bbox 516 5445 2145 5929">
     <span class='ocr_line' id='line_1_47' title="bbox 540 5445 2142 5521; baseline -0.002 -18"><span class='ocrx_word' id='word_1_281' title='bbox 540 5478 543 5489; x_wconf 89' lang='lat'>·</span> <span class='ocrx_word' id='word_1_282' title='bbox 588 5453 636 5503; x_wconf 76' lang='lat'>153</span> <span class='ocrx_word' id='word_1_283' title='bbox 654 5459 738 5501; x_wconf 80' lang='lat' dir='ltr'>cetura</span> <span class='ocrx_word' id='word_1_284' title='bbox 750 5451 848 5515; x_wconf 79' lang='lat' dir='ltr'>ocpeT</span> <span class='ocrx_word' id='word_1_285' title='bbox 947 5448 995 5500; x_wconf 76' lang='grc'>158</span> <span class='ocrx_word' id='word_1_286' title='bbox 1013 5448 1194 5510; x_wconf 61' lang='lat' dir='ltr'>tepidam„</span> <span class='ocrx_word' id='word_1_287' title='bbox 1206 5447 1337 5521; x_wconf 44' lang='lat' dir='ltr'>Q?</span> <span class='ocrx_word' id='word_1_288' title='bbox 1436 5445 1484 5496; x_wconf 82' lang='grc'>160</span> <span class='ocrx_word' id='word_1_289' title='bbox 1501 5445 1741 5507; x_wconf 68' lang='grc' dir='ltr'>οοοιιιοᾳοοΜοιο.,</span> <span class='ocrx_word' id='word_1_290' title='bbox 1760 5447 1924 5509; x_wconf 61' lang='lat' dir='ltr'>extatque?</span> <span class='ocrx_word' id='word_1_291' title='bbox 2022 5448 2142 5499; x_wconf 65' lang='grc'><strong>16511111-</strong></span> 
     </span>
     <span class='ocr_line' id='line_1_48' title="bbox 517 5531 2145 5592; baseline -0.001 -6"><span class='ocrx_word' id='word_1_292' title='bbox 517 5548 595 5588; x_wconf 78' lang='lat' dir='ltr'>strare</span> <span class='ocrx_word' id='word_1_293' title='bbox 618 5539 639 5585; x_wconf 84' lang='grc' dir='ltr'><em>Τ</em></span> <span class='ocrx_word' id='word_1_294' title='bbox 768 5536 815 5586; x_wconf 74' lang='lat' dir='ltr'>tat</span> <span class='ocrx_word' id='word_1_295' title='bbox 834 5536 956 5585; x_wconf 78' lang='lat' dir='ltr'>indiserte</span> <span class='ocrx_word' id='word_1_296' title='bbox 977 5534 998 5581; x_wconf 78' lang='lat' dir='ltr'><em>T</em></span> <span class='ocrx_word' id='word_1_297' title='bbox 1128 5531 1280 5582; x_wconf 71' lang='lat' dir='ltr'>realitate</span> <span class='ocrx_word' id='word_1_298' title='bbox 1300 5533 1321 5578; x_wconf 72' lang='lat' dir='ltr'>l*</span> <span class='ocrx_word' id='word_1_299' title='bbox 1442 5533 1522 5592; x_wconf 76' lang='lat' dir='ltr'>frangi</span> <span class='ocrx_word' id='word_1_300' title='bbox 1541 5536 1619 5579; x_wconf 87' lang='lat' dir='ltr'>uento</span> <span class='ocrx_word' id='word_1_301' title='bbox 1636 5532 1711 5592; x_wconf 77' lang='lat' dir='ltr'>Hapo</span> <span class='ocrx_word' id='word_1_302' title='bbox 1732 5532 1835 5582; x_wconf 70' lang='lat' dir='ltr'>Mitteret</span> <span class='ocrx_word' id='word_1_303' title='bbox 1969 5533 2018 5584; x_wconf 75' lang='lat'>170</span> <span class='ocrx_word' id='word_1_304' title='bbox 2036 5535 2103 5584; x_wconf 83' lang='lat' dir='ltr'>hnue</span> <span class='ocrx_word' id='word_1_305' title='bbox 2124 5537 2145 5583; x_wconf 86' lang='grc' dir='ltr'><em>Τ</em></span> 
     </span>
     <span class='ocr_line' id='line_1_49' title="bbox 517 5615 2145 5691; baseline -0.005 -16"><span class='ocrx_word' id='word_1_306' title='bbox 517 5623 564 5677; x_wconf 80' lang='grc'>171</span> <span class='ocrx_word' id='word_1_307' title='bbox 583 5623 717 5673; x_wconf 75' lang='lat' dir='ltr'>euentnT</span> <span class='ocrx_word' id='word_1_308' title='bbox 817 5621 983 5671; x_wconf 73' lang='lat' dir='ltr'>balautan</span> <span class='ocrx_word' id='word_1_309' title='bbox 1085 5616 1130 5667; x_wconf 94' lang='grc'>181</span> <span class='ocrx_word' id='word_1_310' title='bbox 1151 5618 1246 5678; x_wconf 70' lang='lat' dir='ltr'>mgna</span> <span class='ocrx_word' id='word_1_311' title='bbox 1262 5617 1283 5664; x_wconf 82' lang='grc'>1·</span> <span class='ocrx_word' id='word_1_312' title='bbox 1387 5616 1435 5666; x_wconf 81' lang='grc'>182</span> <span class='ocrx_word' id='word_1_313' title='bbox 1452 5617 1516 5665; x_wconf 78' lang='lat' dir='ltr'>otT</span> <span class='ocrx_word' id='word_1_314' title='bbox 1619 5615 1667 5691; x_wconf 79' lang='grc'>181</span> <span class='ocrx_word' id='word_1_315' title='bbox 1686 5618 1840 5667; x_wconf 67' lang='lat' dir='ltr'>conuocati*</span> <span class='ocrx_word' id='word_1_316' title='bbox 1948 5619 1995 5669; x_wconf 79' lang='grc'>188</span> <span class='ocrx_word' id='word_1_317' title='bbox 2012 5621 2145 5668; x_wconf 70' lang='lat' dir='ltr'>consuti*</span> 
     </span>
     <span class='ocr_line' id='line_1_50' title="bbox 518 5703 2140 5767; baseline -0.002 -9"><span class='ocrx_word' id='word_1_318' title='bbox 518 5710 564 5758; x_wconf 83' lang='grc' dir='ltr'>18ῖ</span> <span class='ocrx_word' id='word_1_319' title='bbox 583 5712 706 5759; x_wconf 83' lang='lat' dir='ltr'>lncettum</span> <span class='ocrx_word' id='word_1_320' title='bbox 721 5709 742 5756; x_wconf 81' lang='grc' dir='ltr'><em>Τ</em></span> <span class='ocrx_word' id='word_1_321' title='bbox 840 5706 888 5759; x_wconf 90' lang='grc'>188</span> <span class='ocrx_word' id='word_1_322' title='bbox 907 5706 1030 5756; x_wconf 81' lang='lat' dir='ltr'>Gelsirlth</span> <span class='ocrx_word' id='word_1_323' title='bbox 1043 5706 1128 5767; x_wconf 80' lang='lat' dir='ltr'>Haupt</span> <span class='ocrx_word' id='word_1_324' title='bbox 1140 5704 1230 5765; x_wconf 70' lang='lat' dir='ltr'>opusc.</span> <span class='ocrx_word' id='word_1_325' title='bbox 1247 5706 1289 5752; x_wconf 87' lang='lat'>111</span> <span class='ocrx_word' id='word_1_326' title='bbox 1300 5707 1361 5763; x_wconf 76' lang='grc'><strong>816,</strong></span> <span class='ocrx_word' id='word_1_327' title='bbox 1375 5705 1473 5766; x_wconf 80' lang='lat' dir='ltr'>garsirit</span> <span class='ocrx_word' id='word_1_328' title='bbox 1488 5703 1516 5765; x_wconf 82' lang='lat' dir='ltr'>T,</span> <span class='ocrx_word' id='word_1_329' title='bbox 1531 5703 1654 5752; x_wconf 82' lang='lat' dir='ltr'>Gelsirlch</span> <span class='ocrx_word' id='word_1_330' title='bbox 1667 5704 1747 5754; x_wconf 68' lang='lat' dir='ltr'>Muza.</span> <span class='ocrx_word' id='word_1_331' title='bbox 1849 5704 1894 5754; x_wconf 85' lang='grc'>191</span> <span class='ocrx_word' id='word_1_332' title='bbox 1915 5718 1983 5753; x_wconf 88' lang='lat' dir='ltr'>nunc</span> <span class='ocrx_word' id='word_1_333' title='bbox 1995 5705 2140 5767; x_wconf 73' lang='lat' dir='ltr'>Momm,</span> 
     </span>
     <span class='ocr_line' id='line_1_51' title="bbox 516 5778 2142 5854; baseline -0.003 -11"><span class='ocrx_word' id='word_1_334' title='bbox 516 5796 583 5844; x_wconf 75' lang='lat' dir='ltr'>lurrue</span> <span class='ocrx_word' id='word_1_335' title='bbox 603 5795 632 5853; x_wconf 83' lang='grc' dir='ltr'>Τ,</span> <span class='ocrx_word' id='word_1_336' title='bbox 653 5796 702 5843; x_wconf 80' lang='lat' dir='ltr'>hnc</span> <span class='ocrx_word' id='word_1_337' title='bbox 721 5794 798 5844; x_wconf 72' lang='lat' dir='ltr'>Most.</span> <span class='ocrx_word' id='word_1_338' title='bbox 920 5791 967 5841; x_wconf 78' lang='grc'>198</span> <span class='ocrx_word' id='word_1_339' title='bbox 986 5798 1132 5854; x_wconf 78' lang='lat' dir='ltr'>exspettaut</span> <span class='ocrx_word' id='word_1_340' title='bbox 1152 5791 1172 5837; x_wconf 85' lang='lat' dir='ltr'><em>T</em></span> <span class='ocrx_word' id='word_1_341' title='bbox 1277 5804 1365 5849; x_wconf 77' lang='lat' dir='ltr'>magno</span> <span class='ocrx_word' id='word_1_342' title='bbox 1383 5804 1446 5852; x_wconf 81' lang='lat' dir='ltr'>qaae</span> <span class='ocrx_word' id='word_1_343' title='bbox 1466 5791 1527 5838; x_wconf 79' lang='lat' dir='ltr'>ferre</span> <span class='ocrx_word' id='word_1_344' title='bbox 1545 5778 1792 5853; x_wconf 55' lang='lat' dir='ltr'>Mamursgnoqus</span> <span class='ocrx_word' id='word_1_345' title='bbox 1811 5793 1876 5840; x_wconf 79' lang='lat' dir='ltr'>serre</span> <span class='ocrx_word' id='word_1_346' title='bbox 1898 5791 1927 5851; x_wconf 82' lang='grc' dir='ltr'>Τ,</span> <span class='ocrx_word' id='word_1_347' title='bbox 1942 5802 2084 5852; x_wconf 78' lang='lat' dir='ltr'>magnoque</span> <span class='ocrx_word' id='word_1_348' title='bbox 2101 5805 2142 5838; x_wconf 60' lang='lat' dir='ltr'>ree</span> 
     </span>
     <span class='ocr_line' id='line_1_52' title="bbox 516 5878 1012 5929; baseline -0.008 -1"><span class='ocrx_word' id='word_1_349' title='bbox 516 5883 579 5929; x_wconf 83' lang='lat' dir='ltr'>terro</span> <span class='ocrx_word' id='word_1_350' title='bbox 596 5881 683 5929; x_wconf 78' lang='lat' dir='ltr'>malim</span> <span class='ocrx_word' id='word_1_351' title='bbox 791 5880 838 5929; x_wconf 85' lang='grc'>195</span> <span class='ocrx_word' id='word_1_352' title='bbox 856 5892 971 5929; x_wconf 75' lang='lat' dir='ltr'>coemere</span> <span class='ocrx_word' id='word_1_353' title='bbox 991 5878 1012 5924; x_wconf 85' lang='grc' dir='ltr'><em>Τ</em></span> 
     </span>
    </p>
   </div>
   <div class='ocr_carea' id='block_1_5' title="bbox 0 0 2536 6724">
    <p class='ocr_par' dir='ltr' id='par_1_8' title="bbox 0 0 2536 6724">
     <span class='ocr_line' id='line_1_53' title="bbox 0 0 2536 6724; baseline 0 0"><span class='ocrx_word' id='word_1_354' title='bbox 0 0 2536 6724; x_wconf 95' lang='lat' dir='ltr'> </span> 
     </span>
    </p>
   </div>
  </div>
 </body>
</html>
