5030 6734
907 550 1138 608 IOHANNIDOS
1156 551 1228 605 LlB.
1249 550 1312 604 VII.
1335 550 1406 613 [Vll.

732 744 868 805 auxerat
888 739 1051 823 ignivagis
1073 757 1211 805 exurens
1233 743 1348 802 cuncta
1370 736 1533 821 procellis.

732 848 780 907 tot
800 842 929 924 fugiens
950 842 1060 908 hostes
1082 842 1169 907 acies
1190 840 1321 904 inimica
1343 839 1458 907 diebus

734 964 770 1010 se
792 944 904 1029 procul
925 964 947 1008 a
968 943 1065 1009 fessis
1087 943 1193 1028 posuit
1214 950 1332 1007 terrore
1355 941 1490 1006 Latinis.

820 1045 960 1111 ductoris
981 1047 1072 1112 iussu
1095 1046 1204 1111 hostes
1227 1046 1393 1129 explorare
1415 1044 1562 1108 tribunus

735 1148 933 1231 Caecilides,
958 1168 1090 1213 numero
1111 1149 1231 1232 pariter
1253 1147 1423 1211 comitante
1446 1146 1545 1210 feroci

734 1250 908 1331 victorum,
934 1250 1114 1333 egreditur,
1139 1250 1254 1333 quibus
1277 1250 1329 1314 bic
1351 1249 1468 1312 virtute
1491 1248 1651 1331 placebat.

735 1352 837 1417 forma
858 1352 918 1418 viri
939 1371 1056 1436 magno
1078 1352 1183 1417 fuerat
1203 1352 1268 1416 iam
1290 1358 1366 1417 nota
1388 1351 1559 1433 magistro,

734 1475 800 1520 non
821 1455 924 1520 minor
945 1455 1113 1521 Herculeis
1136 1461 1340 1540 prosternens
1362 1453 1484 1518 viribus
1505 1453 1625 1517 hostes.

734 1556 787 1621 hio
809 1555 939 1621 leuitate
961 1556 1062 1637 celer,
1088 1556 1189 1621 nimia
1210 1555 1327 1620 viuute
1348 1554 1549 1631 tremendus,

735 1658 868 1723 consilio
889 1665 1032 1724 maturus
1054 1665 1132 1724 erat.
1180 1657 1346 1723 Maurusia
1367 1677 1561 1740 quamquam

736 1760 902 1826 obsidione
924 1760 995 1825 vias
1016 1780 1098 1843 gens
1120 1779 1236 1843 aspera
1258 1760 1419 1823 clauserat
1440 1778 1567 1840 omnes,

733 1864 791 1928 ille
813 1868 922 1928 tamen
944 1862 1058 1928 melior
1078 1861 1181 1927 cautis
1202 1868 1404 1946 percusserat
1425 1861 1522 1926 armis

736 1985 835 2050 saepe
857 1966 943 2030 feras
965 1971 1091 2048 gentes.
1138 1963 1269 2029 tremuit
1290 1970 1466 2048 prostratus
1488 1964 1621 2045 llaguas

735 2069 838 2133 Marte
860 2067 981 2146 uirum,
1008 2066 1137 2132 tremuit
1158 2067 1278 2131 Frexes
1301 2073 1333 2131 et
1354 2067 1469 2130 Naffur
1489 2065 1638 2130 anhelus.

736 2169 933 2237 Vandalicas
956 2169 1061 2252 gentis
1084 2168 1189 2233 timuit
1209 2176 1285 2234 tunc
1305 2168 1363 2233 ille
1384 2175 1551 2252 tyrannus.

736 2271 844 2354 diligit
864 2269 950 2336 hunc
971 2270 1085 2336 fortem
1107 2270 1240 2335 nimium
1263 2276 1354 2354 pater
1375 2270 1446 2353 ipse
1467 2268 1631 2353 magister.

734 2375 805 2460 ipse
827 2375 1027 2439 laborantem
1049 2372 1186 2457 propriis
1208 2372 1373 2457 prospexit
1393 2372 1428 2436 in
1450 2372 1549 2436 armis

734 2496 834 2562 saepe
855 2476 968 2541 virum.
1016 2482 1126 2560 captos
1148 2474 1292 2559 suscepit
1311 2475 1414 2540 Marte
1436 2475 1574 2540 rebelles

734 2580 822 2646 illius
845 2600 863 2645 e
885 2579 1044 2645 manibus.
1091 2577 1180 2642 nouit
1201 2578 1346 2643 Romana
1366 2578 1516 2643 iuventus

734 2681 830 2746 fortia
851 2680 1035 2761 sectarim,
1060 2679 1159 2745 tantis
1181 2680 1296 2762 gavisa
1317 2679 1469 2764 tropaeis.

735 2804 812 2867 ergo
834 2783 953 2850 missus
974 2782 1052 2848 abit.
1099 2782 1192 2848 Vinci
1213 2782 1382 2867 populator
1402 2782 1531 2866 iniquus

734 2906 813 2951 arva
833 2892 947 2951 wnens
969 2885 1076 2951 vicina
1097 2885 1194 2967 mari,
1220 2904 1351 2951 securus
1373 2892 1407 2950 et
1428 2904 1538 2950 errans

735 2989 843 3055 omnia
865 2988 1033 3054 submissis
1055 2989 1169 3054 urebat
1189 2987 1323 3073 praedia
1344 2986 1494 3052 flammis.

736 3098 866 3175 ceperat
885 3090 942 3156 ille
964 3109 1040 3156 suas
1061 3090 1164 3156 noctis
1185 3110 1243 3175 per
1264 3110 1367 3175 opaca
1388 3090 1548 3172 latebras,

736 3193 958 3276 sollicitaeque
979 3193 1066 3258 celer
1088 3192 1242 3259 successit
1263 3192 1431 3257 moenibus
1453 3191 1541 3257 urbis

735 3296 844 3362 hostes
866 3315 925 3380 per
944 3295 1078 3361 medios.
1126 3301 1216 3360 tanta
1238 3301 1288 3360 est
1310 3294 1428 3360 fiducia
1449 3294 1536 3360 ferri.

734 3419 799 3465 non
820 3398 931 3482 ignota
952 3418 1042 3463 cano.
1087 3397 1195 3464 timuit
1215 3417 1279 3462 non
1299 3398 1356 3463 ille
1378 3397 1534 3482 periclum

735 3521 794 3586 pro
815 3500 921 3586 patria
942 3518 1094 3585 superare
1117 3519 1188 3565 sua.
1234 3500 1281 3564 sic
1301 3499 1392 3565 iussa
1413 3500 1558 3583 magistri

736 3603 889 3689 perficere
911 3609 944 3670 et
964 3608 1070 3669 tantos
1092 3602 1196 3687 potuit
1217 3602 1350 3668 sufferre
1372 3602 1511 3668 labores.

735 3704 914 3789 ingreditur
934 3712 1062 3789 portas,
1087 3704 1189 3770 hostis
1211 3710 1336 3770 secreta
1356 3704 1506 3788 requirit,

736 3808 849 3875 circuit
869 3807 1004 3874 hostiles
1027 3806 1193 3890 digressus
1214 3806 1249 3871 in
1272 3806 1384 3872 ordine
1406 3806 1529 3889 fossas,

735 3910 959 3995 cognoscitque
982 3910 1068 3975 locos
1089 3909 1274 3995 peramica
1296 3909 1426 3975 silentia
1447 3910 1600 3976 lustrans.

734 4014 810 4078 hinc
831 4013 915 4079 redit
935 4012 978 4078 ad
1000 4012 1115 4078 socios.
1161 4032 1314 4095 magnum
1336 4012 1416 4097 petit
1436 4012 1513 4078 inde
1534 4015 1735 4094 magistrum.

734 4117 863 4198 iamque
884 4136 942 4201 per
962 4116 1147 4182 innumeras
1170 4120 1318 4181 evaserat
1339 4114 1410 4200 ipse
1432 4122 1578 4181 catervas

734 4218 933 4302 praedonum
955 4217 1150 4303 impavidus.
1196 4224 1365 4303 postquam
1386 4216 1523 4283 tenbria
1544 4217 1640 4301 longe

734 4319 962 4384 Marmaridum
983 4318 1081 4401 vidit,
1107 4339 1290 4402 saeuaeque
1310 4319 1456 4403 pericula
1477 4320 1583 4401 gentis

734 4441 798 4486 non
819 4441 989 4506 superesse
1012 4421 1097 4503 suis,
1122 4428 1156 4488 et
1176 4421 1298 4507 passim
1320 4421 1475 4505 comperit
1495 4421 1605 4486 hostes

734 4522 904 4590 devastare
926 4524 1032 4605 locos,
1057 4524 1185 4589 animus
1207 4523 1371 4606 consurgit
1391 4523 1425 4588 in
1447 4523 1546 4607 iram,

735 4632 768 4691 et
789 4625 886 4693 sociis
908 4626 956 4692 sio
979 4644 1069 4691 orsus
1091 4626 1148 4691 ait.
1198 4625 1244 4690 ‘si
1266 4625 1352 4691 dicta
1373 4624 1514 4691 feremus

735 4730 805 4794 sola
826 4728 918 4812 duci,
943 4748 1007 4794 non
1028 4729 1128 4813 plena
1148 4727 1229 4794 fides
1251 4735 1310 4794 est.
1357 4748 1432 4793 narn
1454 4728 1527 4793 loca
1547 4734 1686 4812 tantum,

735 4852 818 4916 quae
840 4837 972 4897 teneant
993 4831 1120 4911 fossae,
1148 4831 1253 4897 cuncti
1274 4851 1331 4897 nos
1355 4831 1436 4896 scire
1459 4830 1606 4898 fatemur.

735 4934 904 5001 consilium
926 4934 1032 5018 gentis
1055 4953 1178 5000 summo
1201 4933 1343 5018 perferre
1364 4933 1518 5017 magistro

735 5036 857 5103 utilitas
877 5036 959 5102 haec
979 5038 1075 5102 rebus
1098 5036 1158 5102 erit
1178 5036 1323 5121 perfecta
1344 5035 1477 5102 Latinis.

733 5146 863 5224 tempus
884 5138 995 5221 adest,
1020 5138 1114 5222 socii,
1139 5158 1230 5205 rarus
1252 5139 1318 5204 iam
1340 5138 1506 5223 rapiamus
1528 5138 1570 5203 ab
1591 5138 1701 5222 hoste,

420 5415 468 5464 stt
488 5417 585 5465 ductori
605 5417 626 5463 Τ
763 5415 814 5465 380
831 5417 952 5465 manrlsls
972 5415 993 5462 Τ
1132 5413 1181 5464 382
1199 5416 1278 5463 mutis
1299 5415 1329 5476 Τ,
1349 5415 1445 5463 cunctis
1463 5417 1521 5475 leqit
1541 5413 1618 5466 Mosa.
1755 5413 1804 5464 383
1823 5416 1932 5475 llasgnas
1953 5416 1974 5462 Τ

354 5499 401 5549 381
421 5501 656 5550 saracenorum
675 5502 696 5549 Τ
822 5501 871 5550 38ῖ
891 5502 1043 5548 laborantem
1064 5500 1085 5546 Τ
1206 5500 1256 5549 388
1274 5514 1350 5560 saepe
1368 5501 1451 5547 ulrum
1468 5503 1561 5561 mipu,
1582 5515 1609 5549 se
1627 5502 1710 5548 ulrum
1731 5500 1760 5561 Τ,
1781 5500 1900 5548 nimirum
1918 5515 1974 5547 cum

351 5586 532 5648 impietatibus
550 5590 664 5635 tamtam
683 5585 761 5636 Mosa.
867 5586 917 5635 392
936 5586 1011 5634 marla
1031 5585 1052 5632 Τ
1156 5584 1335 5647 saepserat
1440 5583 1490 5635 394
1512 5591 1613 5646 ceperat
1629 5586 1723 5647 scripsi,
1744 5590 1842 5647 teperet
1862 5585 1892 5646 Τ,
1911 5591 1975 5633 tem·

351 5677 422 5733 perat
440 5671 519 5719 Mass.
637 5671 687 5721 395
706 5673 834 5720 mentibus
854 5671 875 5717 Τ
988 5669 1037 5719 396
1056 5672 1115 5719 terri
1135 5671 1166 5731 T,
1185 5671 1243 5719 lorti
1261 5673 1348 5720 malim
1460 5669 1510 5719 399
1528 5677 1555 5719 et
1571 5669 1631 5718 edd.
1653 5669 1731 5719 blois.
1847 5669 1896 5719 403
1915 5671 1976 5719 binc

350 5757 416 5805 redit
429 5754 519 5816 Mosa„
538 5756 579 5804 hic
597 5756 721 5805 retulltT
816 5756 876 5804 lude
894 5755 952 5805 odd.
969 5753 1045 5804 Mass.
1152 5752 1202 5804 tlt
1220 5769 1317 5804 summa
1332 5757 1352 5802 T
1456 5754 1507 5805 414
1525 5769 1594 5803 rarus
1611 5757 1662 5803 ism
1680 5757 1805 5815 rapiamus
1824 5756 1855 5803 ab
1872 5759 1926 5803 oste
1941 5755 1971 5817 Τ,

350 5855 416 5890 raros
434 5844 483 5890 lam
501 5841 614 5889 uidimus
631 5842 715 5890 hostes
735 5840 824 5899 Meas„
844 5854 948 5902 prensos
966 5841 1091 5902 replemus
1108 5841 1139 5888 ab
1156 5840 1228 5889 hoste
1246 5841 1331 5903 Beue,
1352 5854 1445 5890 rarum.
1464 5842 1589 5903 rapiamus
1607 5842 1638 5889 ab
1656 5840 1728 5889 hosts
1744 5840 1830 5888 molta

1714 5941 1768 5994 12·
