5030 6734
977 609 1209 665 IOHANNIDOS
1228 611 1299 665 LlB.
1320 611 1355 666 11.

746 799 925 882 loricasque
947 818 1064 882 graves
1087 806 1120 866 et
1141 818 1237 865 conos
1260 799 1401 883 pellibus
1421 807 1536 885 aptant

745 901 937 986 suppositis,
963 901 1101 984 glandes
1124 907 1157 967 et
1179 907 1286 968 cetera
1307 903 1375 968 tela
1396 910 1563 988 reponunt.

745 1003 892 1088 alipedes
914 1004 1043 1070 meritos
1066 1025 1142 1089 pars
1164 1005 1267 1070 altera
1289 1004 1414 1087 colligit
1436 1005 1572 1083 ardens,

745 1106 865 1191 pabula
887 1113 976 1171 certa
997 1106 1116 1172 ferens.
1162 1107 1268 1191 epulis
1290 1108 1378 1174 volat
1398 1108 1455 1174 ille
1478 1108 1632 1193 parandis

746 1209 874 1289 doctus,
900 1216 983 1273 aena
1005 1209 1115 1275 locans
1136 1208 1273 1275 flammis
1295 1209 1451 1276 alimenta
1472 1210 1642 1277 ministrat.

745 1311 797 1376 hic
820 1309 945 1394 gelidos
967 1310 1071 1376 fontes
1093 1319 1190 1396 puteo
1212 1313 1327 1397 rapit?
1340 1319 1436 1396 atque
1459 1333 1516 1398 per
1538 1313 1655 1380 herbas
1703 1302 1718 1329 ⁷
1741 1296 1813 1377 ''t·''*

744 1412 894 1479 incurvos
917 1420 1009 1498 parat
1030 1413 1087 1479 ille
1110 1420 1213 1497 toros,
1240 1422 1272 1481 et
1294 1415 1417 1481 fercula
1438 1415 1529 1500 ponit
1648 1486 1649 1489 ,

745 1521 860 1581 cuncta
883 1515 962 1580 locis
984 1523 1100 1601 aptans
1123 1516 1261 1602 dapibus
1283 1517 1506 1600 mundumque
1527 1517 1667 1585 fluentis.

831 1618 992 1684 maximus
1013 1619 1138 1686 interea
1160 1638 1253 1685 curas
1275 1620 1334 1685 snb
1357 1627 1485 1705 pectore
1506 1621 1618 1688 ductor

745 1721 912 1803 volvebat,
939 1720 1068 1787 diversa
1089 1741 1221 1787 movens
1243 1730 1421 1806 gentesque
1443 1724 1592 1807 locosque

746 1824 952 1908 captivosque
976 1824 1090 1906 simul,
1116 1824 1238 1890 bellum
1260 1843 1340 1908 quos
1362 1823 1513 1909 gentibus
1536 1825 1631 1892 Afros

746 1926 873 1992 miscuit
893 1931 926 1992 et
947 1926 1082 1992 miseros
1104 1926 1226 2011 praeda
1247 1933 1394 2011 raptante
1417 1928 1557 2012 subegit.

745 2035 873 2095 aestuat
893 2037 926 2096 et
947 2029 1050 2112 curis,
1075 2029 1254 2113 iterumque
1275 2030 1454 2114 iterumque
1476 2032 1600 2098 volutat

746 2131 824 2215 quid
846 2131 946 2197 faciat
968 2131 1095 2198 dubius.
1142 2132 1207 2197 iam
1229 2152 1315 2198 nunc
1336 2133 1533 2200 committere
1554 2155 1681 2218 pugnas

746 2234 848 2299 virtus
869 2254 996 2337 summa
1017 2242 1121 2319 parat.
1167 2235 1273 2319 pietas
1295 2235 1389 2302 modo
1411 2256 1543 2321 parcere
1564 2237 1680 2319 dictat,

638 2361 651 2399 s
746 2337 864 2422 quippe
877 2358 930 2425 ne
950 2337 1094 2422 captivos
1116 2338 1183 2403 ullo
1205 2337 1388 2405 discrimine
1410 2347 1558 2422 quasset,

746 2460 803 2524 pro
825 2438 941 2523 quibus
963 2460 1054 2505 arma
1075 2446 1192 2506 movet.
1240 2460 1355 2506 sensus
1377 2441 1549 2526 vigilanter
1570 2443 1706 2510 oberrat.

745 2543 829 2609 inter
851 2550 1018 2626 utrumque
1040 2543 1155 2608 volans
1176 2543 1304 2609 animus
1327 2542 1470 2611 decernit
1491 2552 1524 2612 et
1544 2546 1661 2612 obstat.

746 2652 874 2729 pectore
896 2665 1007 2729 pugna
1028 2645 1116 2711 furit.
1162 2645 1267 2730 pietas
1289 2647 1425 2713 occurrit
1447 2653 1480 2715 et
1500 2647 1560 2713 ira.

746 2767 786 2813 ac
807 2748 896 2814 velut
916 2748 1059 2832 agricola
1079 2747 1228 2815 immistis
1252 2769 1323 2815 cum
1346 2750 1491 2817 sentibus
1512 2771 1592 2816 arva

747 2851 832 2917 ferre
854 2851 968 2917 videns
991 2850 1118 2935 fruges,
1144 2852 1299 2918 maerenti
1320 2859 1448 2936 pectore
1470 2860 1561 2921 curat

746 2954 884 3039 impiger
904 2953 1064 3019 infaustos
1085 2954 1174 3038 agris
1196 2955 1377 3023 convellere
1399 2962 1524 3039 sentes,

748 3056 807 3122 sed
828 3063 935 3123 movet
955 3056 1028 3141 ipsa
1050 3057 1165 3133 Ceres3
1192 3058 1316 3143 pavitat
1338 3058 1554 3143 damnumque
1576 3068 1743 3145 repensat,

748 3180 789 3226 ne
811 3160 896 3225 male
919 3159 1045 3225 dimissi
1066 3159 1204 3245 perdant
1224 3166 1281 3226 aut
1302 3160 1423 3228 hordea
1445 3180 1577 3246 vepres,

748 3270 804 3329 aut
825 3263 907 3329 bene
930 3283 993 3328 non
1015 3270 1150 3348 pereant
1169 3264 1278 3330 tristes
1301 3284 1372 3330 cum
1394 3263 1542 3348 frugibus
1564 3264 1700 3332 herbae:

747 3365 794 3431 sic
816 3372 907 3450 pater
928 3366 1071 3432 alternas
1093 3366 1251 3451 pensabat
1272 3374 1400 3451 pectore
1422 3386 1516 3434 curas

747 3468 854 3534 omnia
877 3469 968 3534 lance
991 3470 1148 3554 probans,
1173 3469 1385 3553 animusque
1406 3471 1547 3556 pondere
1569 3478 1684 3554 vergat

747 3571 867 3654 quidve
889 3577 992 3654 gerat.
1038 3590 1098 3637 nee
1120 3577 1206 3638 stare
1228 3572 1308 3639 libet
1327 3592 1387 3639 nec
1409 3572 1503 3639 dulce
1525 3573 1650 3640 sedenti

749 3673 953 3757 colloquium.
999 3673 1099 3740 tacita
1120 3674 1264 3758 geminat
1285 3675 1424 3760 suspiria
1445 3676 1570 3760 lingua.

749 3776 825 3842 dum
848 3776 934 3842 curis
955 3776 1080 3859 agitur,
1106 3775 1251 3860 pendens
1273 3777 1349 3843 dum
1371 3785 1483 3863 peetus
1505 3778 1653 3861 anhelat,

749 3879 853 3963 surgit
874 3886 907 3944 et
927 3879 962 3944 in
983 3878 1101 3946 mediis
1123 3880 1247 3946 mavult
1268 3878 1440 3964 confligere
1462 3881 1587 3947 castris.

747 3982 836 4066 itque
857 3981 1003 4065 reditque
1024 3982 1113 4065 vias,
1139 3983 1281 4048 animum
1303 4003 1482 4069 corpusque
1504 3984 1656 4069 fatigans.

834 4087 920 4151 hunc
940 4084 1073 4170 paribus
1095 4086 1179 4152 curis
1201 4084 1343 4170 flagmns
1366 4087 1533 4154 comitatur
1553 4094 1682 4154 euntem

748 4188 1004 4273 magnanimum,
1031 4188 1170 4254 ductoris
1191 4187 1292 4254 honos
1313 4189 1509 4273 nimiumque
1531 4190 1691 4274 benignus

749 4291 937 4374 consiliique
960 4291 1077 4374 decus,
1102 4291 1197 4357 lateri
1218 4290 1407 4357 Recinarius
1429 4292 1576 4359 haerens.

749 4394 835 4459 hunc
856 4392 953 4459 habet
974 4392 1008 4458 in
1030 4393 1137 4459 saevis
1160 4392 1259 4458 fidum
1282 4393 1467 4478 sociumque
1487 4395 1633 4479 periclis,

750 4503 783 4563 et
804 4497 920 4562 virtute
941 4495 1045 4561 virum
1067 4502 1100 4561 et
1122 4495 1262 4562 discreta
1283 4503 1389 4563 mente
1411 4497 1570 4564 levamen.

749 4601 841 4666 illum
864 4600 960 4666 etiam
984 4598 1118 4665 summis
1139 4598 1222 4664 vieto
1244 4599 1388 4665 Mavorte
1409 4600 1579 4686 triumphis

749 4710 796 4770 tot
815 4702 931 4768 nimios
952 4700 1074 4785 gaudet
1094 4720 1203 4767 secum
1225 4702 1381 4768 tolerasse
1402 4703 1529 4770 labores

750 4806 862 4872 Martis
883 4812 916 4871 et
937 4804 980 4870 ad
1003 4822 1158 4870 summam
1181 4804 1301 4889 pariter
1323 4804 1452 4870 venisse
1475 4825 1634 4872 coronam.

750 4917 784 4976 et
803 4917 879 4975 tnnc
902 4928 978 4992 crgo
1000 4926 1106 4973 eomes
1129 4907 1214 4974 euris
1235 4928 1299 4972 non
1321 4906 1426 4993 impar
1446 4907 1573 4974 anhelis

749 5013 834 5095 ibat,
861 5018 893 5078 et
913 5012 1037 5077 alterno
1058 5009 1206 5095 placidus
1229 5028 1375 5076 somene
1397 5011 1538 5077 levabat.

840 5118 949 5181 ‘nutat
967 5113 1001 5179 in
1023 5112 1169 5196 angustis
1192 5113 1278 5177 omni
1300 5113 1340 5178 de
1363 5119 1454 5197 parte
1474 5113 1605 5197 periclis

750 5222 890 5298 sensus',
917 5215 1030 5283 docter
1051 5215 1115 5299 ait,
1144 5214 1249 5281 ‘euris
1271 5222 1304 5281 et
1325 5222 1437 5300 pectus
1459 5215 1608 5299 anhelat,

433 5478 484 5537 280
501 5480 624 5528 attsntT
736 5479 782 5530 281
804 5480 905 5528 claudes
927 5479 947 5525 Τ
1057 5476 1108 5527 285
1125 5482 1202 5539 puseo
1222 5477 1252 5537 Τ,
1272 5480 1354 5538 portat
1372 5474 1449 5524 ram.
1555 5478 1621 5539 rapit
1637 5477 1873 5551 aequabimur»,
1893 5486 1989 5541 raptat·

364 5577 415 5626 que
437 5564 463 5623 Τ,
489 5565 632 5627 raptimque
649 5565 750 5616 Lcebm.
879 5563 929 5614 287
948 5569 1038 5613 cuneta
1054 5563 1167 5624 Luobm„
1192 5568 1265 5611 conte
1285 5562 1314 5621 Τ,
1339 5566 1436 5623 compta
1454 5545 1602 5610 Meas*
1656 5564 1717 5612 locis
1740 5563 1768 5621 Τ,
1792 5565 1855 5612 iocis
1873 5563 1952 5614 Mass.

365 5649 511 5699 ductettsT
598 5649 648 5700 299
660 5652 731 5699 Afris
744 5649 822 5700 Muza.
910 5648 958 5699 291
973 5649 1189 5711 praedsraptaute
1205 5649 1233 5708 Τ,
1247 5647 1676 5710 prsedamrsptautlbnsrequtritrae
1767 5646 1817 5697 292
1829 5652 1919 5697 extuat
1935 5650 1956 5696 Τ

364 5737 475 5784 noluctat
497 5735 518 5784 Τ
636 5735 686 5786 295
711 5750 743 5784 ne
760 5737 875 5798 captiuos
892 5737 945 5784 ullo
966 5736 1000 5795 Τ,
1029 5742 1059 5783 nt
1075 5736 1188 5796 captiuos
1206 5735 1276 5783 nullo
1301 5732 1377 5783 Mass.
1502 5731 1550 5782 297
1576 5734 1643 5782 bstat
1664 5734 1685 5780 Τ
1803 5731 1853 5783 299
1872 5734 1948 5783 uelud
1971 5734 1993 5783 Τ

364 5819 412 5870 301
432 5821 555 5870 inlausloa
573 5822 660 5883 Bella,
679 5822 819 5881 infalsatos,
837 5824 932 5871 ditesce
949 5836 963 5870 o
981 5823 1145 5882 superscripto
1162 5824 1198 5867 eat
1214 5820 1296 5868 littam
1312 5821 1323 5867 i
1344 5819 1374 5882 Τ,
1394 5820 1501 5868 inlectos
1520 5818 1598 5868 Mass.
1720 5817 1770 5868 992
1788 5819 1833 5868 sed
1851 5826 1936 5868 monet
1955 5820 1986 5880 T,

362 5913 394 5971 gt
411 5911 496 5961 monet
513 5906 593 5959 Muza.
698 5907 924 5971 dampnumquel'
1028 5905 1242 5959 subuenisset
1346 5902 1397 5956 314
1413 5905 1548 5954 rlelnsrlus
1572 5903 1592 5956 Τ
1694 5902 1743 5954 318
1762 5902 1921 5957 tullersxeT
