5030 6734
885 582 1115 643 IOHANNIDOS
1133 584 1204 643 LlB.
1225 584 1275 644 IV.
1295 584 1329 643 V.
1352 583 1419 653 llll).

731 776 873 860 assurgit
892 777 997 844 lactus
1019 797 1135 861 magno
1156 777 1295 845 clamore
1317 778 1471 862 magister

732 879 903 945 exhortans
926 880 1046 961 socios,
1071 901 1210 966 puppem
1234 881 1389 947 convertit
1409 889 1442 948 et
1462 883 1578 961 altam,

732 982 868 1065 velaque
889 983 1026 1068 placatis
1048 982 1185 1049 intendit
1205 1003 1358 1069 prospera
1379 985 1502 1051 nautis:

732 1084 779 1150 sic
801 1086 900 1152 nomo
922 1087 1057 1171 populos
1079 1087 1260 1172 praefectus
1281 1107 1360 1153 voce
1383 1088 1513 1170 refecit,

731 1195 827 1271 atque
848 1195 954 1255 truces
976 1189 1100 1254 animos
1120 1190 1227 1255 verbis
1248 1191 1291 1255 ad
1313 1191 1436 1275 proelia
1456 1190 1556 1257 torsit.

816 1292 934 1357 Bmten
956 1292 990 1356 in
1012 1291 1184 1358 adversum
1205 1293 1357 1359 contorsit
1377 1293 1499 1359 missile
1521 1294 1672 1374 Paulum,

730 1414 849 1479 perque
871 1394 933 1459 riri
954 1394 1093 1461 calidum
1115 1396 1263 1462 hansivit
1283 1397 1397 1463 lancea
1420 1404 1531 1482 pectus

730 1504 804 1563 acta
824 1505 983 1581 tremens,
1009 1498 1157 1584 rupitque
1179 1500 1249 1565 vias
1272 1500 1431 1586 pulmonis
1454 1500 1581 1583 anheli,

731 1607 764 1667 et
785 1601 894 1666 valido
916 1602 1062 1685 geminas
1083 1602 1242 1686 confregit
1264 1604 1395 1670 verbere
1418 1612 1535 1670 costas.

731 1724 808 1770 ense
830 1704 905 1771 ferit
926 1704 1035 1770 laidus
1058 1705 1244 1771 miscentem
1267 1707 1389 1791 proelia
1412 1708 1567 1792 Largum,

731 1807 864 1873 Sincera
886 1808 1107 1889 Crescentem,
1134 1808 1334 1875 Servandum
1356 1816 1475 1875 mactat
1496 1811 1616 1877 Ilnsan.

730 1911 991 1995 Marcianumque
1013 1917 1126 1996 petens
1147 1911 1288 1978 infausto
1310 1913 1411 1979 Marte
1433 1912 1594 1979 tribunum

731 2014 927 2082 Hisdreasen
950 2015 1083 2080 summis
1105 2034 1273 2080 excussam
1297 2015 1417 2081 viribus
1440 2015 1564 2081 hastam

731 2118 838 2197 torsit,
865 2125 898 2183 et
918 2116 1046 2183 adversi
1068 2117 1204 2184 frontem
1226 2118 1301 2184 ferit
1322 2117 1467 2184 horridus
1489 2118 1539 2184 ira

731 2220 822 2286 fortis
844 2220 928 2304 oqui.
976 2220 1105 2305 sonipes
1127 2221 1216 2287 letali
1241 2221 1372 2287 vulnere
1395 2222 1499 2287 victus

731 2323 862 2398 corruit,
888 2330 983 2406 atque
1006 2323 1132 2389 hastam
1154 2324 1252 2389 nimio
1275 2325 1333 2389 snb
1355 2324 1496 2411 pondere
1518 2324 1623 2408 fregit.

731 2426 894 2510 consurgit
914 2428 1008 2492 volox
1030 2448 1149 2510 magna
1169 2427 1286 2493 uirtute
1308 2428 1469 2511 tribunus,

731 2530 850 2595 amisso
871 2550 931 2595 nec
952 2529 1073 2596 fractus
1095 2551 1177 2614 equo
1199 2531 1384 2616 campisque
1406 2532 1556 2617 pedester

730 2632 872 2697 constitit
893 2639 925 2697 et
945 2633 1043 2716 galea
1065 2633 1170 2699 celsus
1192 2633 1358 2718 clipeoque
1381 2634 1517 2700 refulsit.

730 2743 763 2800 at
785 2735 872 2800 ferus
894 2734 1091 2802 Hisdreasen
1113 2737 1184 2802 visu
1206 2737 1412 2804 tremefactus
1435 2739 1546 2806 eodem

730 2838 885 2905 continuit
907 2858 997 2918 sese,
1023 2841 1111 2905 solus
1133 2847 1289 2925 temptare
1311 2860 1371 2907 nec
1393 2841 1515 2907 hostem

621 2970 634 3008 u
730 2961 829 3007 ausus
850 2950 933 3009 retro
954 2943 1048 3009 redit.
1096 2942 1182 3010 nudo
1204 2951 1279 3010 tunc
1301 2964 1378 3010 ense
1400 2945 1546 3011 tribunus

728 3044 919 3128 insequitur.
965 3045 1119 3112 domitum
1142 3047 1262 3113 ferrata
1284 3048 1372 3114 calce
1394 3048 1534 3132 fatigans

728 3148 926 3215 Hisdreasen
948 3149 1100 3215 contorsit
1120 3170 1255 3233 equum,
1281 3149 1466 3234 sociumque
1488 3172 1545 3237 per
1567 3173 1682 3233 agmen

728 3253 888 3336 effugiens
909 3253 1055 3337 trepidus
1078 3252 1187 3319 densis
1210 3273 1244 3319 se
1257 3253 1395 3320 'miscuit
1415 3255 1523 3320 armis.

729 3363 764 3422 ut
784 3376 860 3422 vero
881 3356 939 3422 ille
962 3375 1099 3439 sequens
1121 3363 1284 3423 auctorem
1306 3357 1464 3441 attingere
1485 3357 1544 3424 teli

729 3479 791 3524 non
813 3460 931 3545 potuit,
956 3459 1097 3525 medium
1120 3459 1233 3525 sternit
1254 3479 1403 3526 mucrone
1425 3460 1615 3544 Merasgun.

729 3562 954 3646 Suartifanque
977 3582 1075 3647 super
1097 3563 1250 3644 celerem,
1276 3563 1443 3645 Montana,
1470 3563 1683 3628 Gamasclrunr

598 3690 603 3697 ·
728 3666 862 3751 eripuit,
888 3674 1084 3748 mortemque
1106 3640 1205 3730 miser
1227 3665 1368 3750 suscepit
1390 3666 1537 3750 Isaguas.

727 3767 803 3834 inde
826 3768 936 3833 furens
958 3768 1059 3833 victor
1080 3768 1174 3833 vietis
1196 3767 1280 3853 rapit
1300 3768 1446 3834 hostibus
1469 3790 1559 3836 arma

726 3870 890 3951 turbidus,
916 3879 948 3937 et
970 3871 1065 3937 sociis
1087 3870 1249 3954 fugientes
1271 3871 1408 3937 conserit
1430 3872 1532 3939 hastis

726 3995 802 4041 acer
823 3983 855 4040 et
876 3974 1064 4060 intrepidus.
1112 3981 1296 4040 sternuntur
1317 3995 1448 4060 corpora
1470 3974 1589 4060 passim

728 4078 830 4146 densa
850 4079 952 4143 virum
974 4077 1185 4164 alipedesque
1208 4078 1316 4159 simul,
1343 4098 1422 4163 quos
1444 4078 1566 4144 missile
1588 4085 1702 4143 tortum

727 4180 868 4261 invenit,
895 4181 1019 4248 medios
1041 4201 1118 4247 casu
1140 4180 1216 4246 dum
1237 4180 1337 4247 currit
1357 4181 1390 4246 in
1414 4181 1533 4247 hostes.

813 4291 847 4350 at
868 4284 978 4370 pmcul
1001 4284 1136 4350 Antalas
1158 4283 1244 4350 celso
1267 4283 1308 4350 de
1330 4283 1412 4350 collo
1435 4284 1566 4351 ridebat

727 4387 835 4453 omnia
857 4386 1063 4473 prospiciens.
1109 4407 1184 4452 nam
1208 4405 1243 4452 se
1266 4386 1461 4452 committere
1483 4387 1594 4471 primis

602 4514 612 4554 r
728 4491 829 4556 uoluit
849 4497 925 4556 ante
946 4490 1041 4572 viris,
1068 4496 1140 4555 astu
1163 4489 1222 4555 sed
1243 4489 1367 4575 proelia
1389 4496 1550 4574 temptans

728 4593 849 4659 auxilio
872 4599 1024 4659 venturus
1047 4601 1126 4658 erat.
1173 4599 1249 4657 tnnc
1272 4592 1371 4658 caede
1392 4592 1552 4659 tribunum

727 4718 791 4763 non
812 4697 888 4763 tulit
908 4697 1084 4762 ardentem.
1131 4695 1251 4761 Mauris
1274 4713 1456 4762 succurrere
1479 4696 1576 4762 fessis

726 4800 878 4882 incaluit,
903 4818 1098 4885 sparsasque
1120 4797 1207 4864 acies
1229 4798 1270 4864 do
1293 4798 1375 4865 colle
1397 4798 1521 4884 petivit.

728 4923 805 4987 ergo
825 4902 909 4969 inter
930 4901 1050 4967 socium
1074 4900 1227 4987 dirumpit
1249 4902 1374 4968 saevior
1394 4922 1511 4986 agmm

601 5029 613 5070 r
728 5007 987 5089 Marciannmque
1009 5012 1123 5090 petens
1144 5011 1266 5070 turmas
1289 5025 1347 5090 per
1368 5012 1461 5090 prata
1483 5012 1686 5088 sequentem,

728 5118 764 5177 ut
784 5111 835 5175 leo
857 5114 1028 5174 venantum
1051 5128 1168 5191 magno
1191 5107 1327 5175 clamore
1350 5115 1478 5174 coactus

727 5213 887 5279 montibus
909 5212 942 5277 in
964 5210 1100 5295 mediis,
1126 5211 1263 5278 stimulis
1285 5218 1318 5277 et
1340 5212 1472 5277 verbere
1496 5211 1619 5277 caudae

728 5337 844 5403 aspera
865 5323 957 5399 terga
978 5315 1066 5380 ciens
1088 5316 1120 5380 in
1143 5314 1265 5400 proelia
1288 5313 1422 5379 suscitat
1443 5314 1524 5395 iras,

410 5563 460 5614 835
478 5564 552 5612 altam
565 5562 643 5615 linas.
649 5600 656 5625 ,
669 5578 748 5612 arcens
764 5562 785 5609 Τ
875 5558 925 5608 838
944 5560 1050 5621 ueloque
1062 5559 1165 5621 placatis
1178 5557 1267 5619 Mosa,
1282 5558 1395 5619 bellaque
1407 5558 1511 5619 placidis
1526 5557 1546 5604 Τ
1639 5558 1722 5606 nanda
1738 5558 1766 5615 Τ,
1780 5561 1865 5608 nentis
1878 5560 1957 5611 Mum.

343 5650 392 5700 stt
405 5649 572 5714 prauettucT
649 5647 871 5698 suscenseant
938 5645 987 5694 840
999 5644 1115 5693 lancisT
1183 5643 1233 5693 842
1245 5645 1374 5703 geminans
1389 5642 1411 5689 Τ
1479 5642 1529 5692 844
1541 5644 1638 5691 slrraera
1653 5643 1681 5704 Τ,
1697 5642 1798 5692 Slnaora
1809 5646 1868 5706 lectt
1880 5646 1957 5697 Meae.

342 5736 392 5786 sto
410 5738 609 5796 martianumque
624 5734 644 5781 Τ
747 5734 797 5783 858
816 5733 928 5780 ldreassn
946 5732 966 5778 Τ
1068 5729 1114 5780 881
1137 5730 1299 5779 Gamasdrum
1311 5732 1406 5792 arripit,
1426 5728 1584 5790 gaulasdrum
1600 5728 1628 5789 Τ,
1648 5729 1794 5789 μωιιᾶηιη
1807 5731 1866 5792 lecit
1879 5731 1957 5785 Mosa.

341 5821 391 5873 stc
410 5827 437 5872 ia
447 5823 541 5885 eripuit
551 5834 643 5869 nomen
655 5819 740 5869 Mouet
751 5819 882 5869 wlnodum
893 5820 967 5866 lntm
978 5817 1075 5866 clddar
1171 5818 1277 5878 ausoiplt
1291 5816 1312 5864 Τ
1412 5814 1463 5865 869
1481 5829 1537 5864 nam
1552 5814 1580 5875 Τ,
1600 5828 1649 5863 non
1663 5813 1740 5865 Musa.
1847 5815 1897 5867 stc
1915 5833 1961 5868 no·

340 5909 388 5958 lult
404 5911 432 5958 ta
449 5908 531 5957 noluit
552 5910 562 5953 l
581 5922 615 5955 m.
635 5910 757 5954 mulctram
778 5906 805 5964 Τ,
827 5906 909 5952 rrolult
926 5906 983 5965 lepte
1003 5902 1080 5951 liuza
1186 5908 1245 5951 autc
1263 5902 1349 5963 sets,
1369 5907 1421 5950 arte
1441 5901 1462 5948 Τ
1565 5900 1615 5949 stc
1634 5901 1833 5964 martianumque
1855 5904 1876 5951 Τ

418 6009 538 6049 Ocurri-rs.
1738 6002 1754 6052 g
