5042 6726
1074 554 1306 612 PROOEMIVM.
1932 554 2010 621 XLI

531 780 629 862 δηλῶν
659 777 711 844 καί
740 777 841 865 σφίσιν
871 778 1064 864 ἐπαγγέλλων
1094 778 1221 863 ἐτίρωθι
1251 773 1488 863 ἀναμίγνυσθαι,
1519 767 1601 849 ’όπως
1624 772 1765 861 μὴκατὰ
1789 772 1899 862 μόνας,
1925 774 2013 862 ζάλλδι

530 903 619 984 κοινῇ
648 890 775 972 ἅπαντες
806 893 1010 963 θπαντιάσωσι
1039 900 1102 971 τοῖς
1130 898 1295 982 πολεμίοις.
1340 893 1418 984 τόχη
1450 897 1484 961 δέ
1513 921 1571 961 τινι
1599 897 1628 961 οί
1656 899 1751 961 ταῦτα
1781 893 1819 961 τὰ
1847 893 2012 983 γράμματα

531 1018 652 1105 ἔχοντες
682 1014 745 1104 ὁδῶ
772 1019 861 1104 ἑτέρη
886 1013 1075 1104 χρησάμενοι
1102 1014 1153 1083 τδν
1176 1013 1308 1104 Ἱμέριον
1339 1012 1435 1103 τδρεῖν
1463 1011 1583 1102 οὐδαμῇ
1612 1014 1757 1103 ἴσχυσαν,
1791 1012 1870 1082 ἀλλά
1898 1012 1946 1089 ξδν
1969 1020 2012 1103 τῶ

533 1141 652 1224 στρατῷ
681 1131 881 1223 ἐμπεπτωκὼς
903 1138 934 1209 ἐς
956 1132 989 1200 τὸ
1011 1139 1071 1202 τῶν
1093 1138 1235 1202 ἐναντίων
1258 1133 1455 1222 στρατόπεδον
1478 1136 1599 1222 γέγονεν
1622 1130 1678 1201 δπδ
1700 1136 1766 1208 ταῖς
1788 1135 1910 1201 ἐκείνων
1932 1159 2011 1224 χερ-

534 1259 591 1322 σίν.
630 1248 667 1342 ην
692 1259 725 1323 δέ
746 1282 790 1330 τις
813 1258 844 1321 ἐν
866 1252 962 1343 τοότφ
985 1261 1028 1341 τῷ
1051 1252 1218 1341 Ῥωμαίων
1250 1260 1368 1343 στρατῷ
1389 1256 1508 1329 νεανίας
1531 1251 1718 1342 Σεβηριανός
1736 1250 1903 1321 Ἀσιατικοῶ
1926 1258 2008 1339 παῖς,

534 1377 656 1457 Φοῖνιξ,
679 1371 844 1462 Ἐμεσηνδς
866 1376 970 1460 γένος,
996 1372 1165 1462 καταλόγου
1188 1378 1352 1461 ίππικοδίῧ)
1379 1369 1495 1463 ἅρχων.
1540 1368 1575 1450 δς
1598 1372 1636 1461 δὴ
1660 1372 1749 1461 μόνος
1771 1372 1821 1447 Εδν
1843 1378 1905 1449 τοῖς
1929 1371 2006 1463 ἀμφ’

536 1492 625 1561 αδτδν
649 1491 856 1582 στρατιώταις,
881 1493 1065 1580 πεντήκοντα
1080 1488 1157 1577 οόσι,
1184 1499 1245 1569 τοῖς
1267 1496 1420 1580 πολεμίοις
1443 1497 1473 1569 ἐς
1495 1499 1600 1583 χεῖρας
1623 1489 1713 1582 ἦλθε.
1753 1495 1804 1560 καί
1826 1491 1935 1583 χρόνον
1959 1497 2012 1582 μέν

536 1610 676 1703 ἀντεῖχόν
698 1640 782 1696 τινα,
812 1614 917 1680 ἔπειτα
939 1590 973 1680 δέ
994 1618 1098 1700 πολλῷ
1119 1612 1231 1700 πλήθει
1256 1612 1431 1702 βιαζόμενοι
1452 1616 1483 1688 ἐς
1506 1612 1599 1702 λόφον
1623 1612 1792 1702 ἀνέδραμον
1815 1613 1949 1682 ἐνταῦθά
1969 1642 2012 1703 πη

534 1728 616 1817 όντα,
644 1729 680 1802 οὗ
703 1732 741 1821 δη
765 1730 908 1822 φρούριον
930 1731 986 1800 οὐκ
1010 1732 1143 1822 ἀσφαλὲς
1165 1727 1214 1821 ἧν.
1255 1732 1300 1800 διδ
1324 1731 1362 1819 δὴ
1385 1732 1532 1821 ὁμολογία
1555 1741 1632 1822 σφδις
1656 1732 1763 1809 αὐτοὺς
1784 1738 1846 1810 τοῖς
1868 1737 2013 1810 ἐναντίοις

378 1876 413 1941 p.
439 1859 502 1919 510
536 1857 668 1921 ἐνταῦθα
684 1850 731 1922 ἐπ’
753 1850 861 1928 αότοδς
876 1850 1081 1942 ἀναβεβηκόσι
1095 1857 1287 1940 παρέδωκαν.
1327 1857 1356 1919 οί
1373 1854 1406 1919 δέ
1421 1847 1490 1919 οότε
1504 1851 1638 1939 αότὸνῐθ)
1667 1847 1735 1921 οὔτε
1753 1860 1809 1921 τῶν
1825 1860 2013 1943 στρατιωτῶν

534 1999 602 2040 τινα
616 1974 762 2057 ἔκτειναν,
782 1969 860 2039 ἀλλά
877 1971 1085 2060 ζωγρήσαντες
1101 1968 1244 2057 άπαντας,
1265 1972 1393 2059 Ἱμέριον
1411 1974 1464 2059 μέν
1479 1976 1511 2038 ἐν
1527 1977 1649 2061 φυλακῇ
1665 1974 1767 2063 ἔσχον,
1793 1978 1883 2062 πῶτε
1899 1972 2014 2063 Στότίᾳ

534 2091 602 2168 τοὺς
625 2094 809 2183 στρατιώτας
830 2095 1020 2179 παρέδοσαν,
1053 2089 1271 2180 δμολογοδντας
1300 2096 1384 2181 σφίσι
1406 2090 1454 2167 ξὺν
1476 2095 1630 2180 προθυμίη
1651 2097 1749 2181 πολλῇ
1773 2094 1821 2161 ἐπί
1838 2091 2014 2181 Ῥωμαίους

536 2210 774 2300 στρατεόσεσθαι
784 2215 842 2297 17)·
868 2210 917 2278 τὸν
934 2215 1035 2298 μέντοι
1050 2210 1193 2300 Ἱμέριον,
1219 2209 1256 2300 ἢν
1274 2211 1314 2298 μη
1337 2210 1376 2279 τὰ
1397 2211 1642 2299 ἐπαγγελλόμενα
1663 2219 1748 2301 ποιῇ,
1774 2218 1897 2280 κτείνειν
1920 2211 2013 2301 τ’,πεί-

535 2336 617 2399 λουν.
664 2332 849 2419 ἐπίγγελλον
878 2334 916 2397 δὲ
941 2329 1028 2399 πόλιν
1047 2330 1231 2419 Ἀδραμητὸν
1254 2334 1475 2398 ἐπιθαλασσίαν
1507 2338 1627 2420 μηχανῇ
1658 2358 1716 2399 τινι
1739 2335 1838 2421 σφίσιν
1861 2337 2011 2402 ἐνδοῦναι.

535 2452 588 2518 καί
611 2453 675 2519 ἐπεί
699 2454 727 2517 οί
751 2454 919 2541 ἰσχυρίζετο
944 2454 1119 2540 βουλομένῳ
1149 2452 1245 2535 εἶναι,
1279 2451 1327 2519 ἐπί
1350 2449 1535 2539 Ἀδραμητδν
1566 2451 1618 2519 σδν
1647 2449 1730 2541 αδτῷ
1758 2446 1865 2540 ᾔεσαν.
1911 2461 2009 2541 τῇςίέ)

534 2569 653 2646 πόλεως
676 2570 773 2659 ἀγχοῦ
794 2569 950 2658 γενόμενοι
965 2568 1097 2659 Ἱμέριον
1122 2574 1175 2658 μὲν
1187 2576 1221 2657 ¹⁰)
1250 2570 1342 2659 ἐλίγῳ
1363 2572 1532 2658 ἔμπροσθεν
1551 2568 1598 2646 Εδν
1620 2569 1813 2659 στρατιώταις
1826 2579 1882 2639 τῶν
1900 2572 2015 2662 Στότίη

535 2693 688 2778 ἑπομένων
711 2692 786 2757 τισίν
808 2690 956 2779 ἔπεμψαν,
983 2690 1195 2778 Μαυρουσίους
1217 2694 1393 2778 δεδεμένους
1417 2694 1510 2778 δηθεν
1533 2696 1710 2781 ἐφέλκοντα,
1737 2690 1822 2760 αότοί
1841 2694 1875 2759 δέ
1890 2688 2014 2761 όπισθεν

536 2810 666 2877 εἵποντο.
713 2812 764 2876 καί
794 2816 839 2898 τῷ
862 2808 986 2899 Ἱμερίιμ
1016 2813 1109 2878 εἰπεῖν
1138 2815 1201 2886 τοῖς
1227 2814 1373 2900 ἐφεστῶσι
1394 2814 1459 2886 ταῖς
1481 2819 1533 2899 τῆς
1554 2810 1671 2887 πόλεως
1692 2809 1801 2887 πόλαις
1823 2815 2010 2897 ἐπέστελλον,

537 2928 579 3004 ῶς
601 2928 696 3019 νικῴη
721 2931 773 3016 μέν
796 2929 874 2997 κατὰ
896 2928 1004 3018 κράτος
1027 2929 1044 2998 δ
1068 2934 1216 3017 βασιλέως
1238 2929 1379 3019 στρατὸς,
1411 2927 1475 3019 ἥξει
1497 2933 1530 2998 δέ
1556 2929 1702 3019 Ἰωάννης
1725 2929 1832 2999 αδτίκα
1854 2932 1893 3021 δη
1918 2932 2011 3020 μάλα,

455 3058 458 3065 ’
535 3053 652 3137 πλῆθος
685 3049 886 3138 Μαυρουσίων
916 3048 1153 3138 δοριαλώτωνῖί)
1194 3045 1275 3139 άγων
1305 3049 1436 3138 ἀριθμοδ
1464 3055 1620 3139 κρεῖσσον·
1660 3047 1738 3121 οὕτω
1766 3079 1799 3118 τε
1827 3059 1887 3120 τῶν
1916 3060 2015 3123 πυλῶν

536 3170 637 3258 σρίσιν
662 3167 899 3257 ἀνοιγνυμένων,
933 3168 1015 3246 ἐντὸς
1044 3177 1096 3238 τοῦ
1124 3168 1285 3259 περιβόλου
1314 3169 1363 3244 Εδν
1385 3176 1446 3246 τοῖς
1471 3168 1534 3258 άμα
1557 3168 1640 3260 αὐτῷ
1663 3174 1742 3240 ίοδσι
1763 3176 1916 3259 γενέσθαι.
1964 3174 2016 3240 καί

535 3287 552 3355 δ
577 3290 630 3375 μέν
652 3287 730 3355 κατὰ
751 3294 846 3356 ταῦτα
869 3292 974 3357 ἐποίει.
1013 3288 1278 3379 Ἀδραμητηνοίίί)
1305 3291 1338 3357 δὲ
1361 3286 1454 3366 οότως
1478 3294 1715 3378 ἐξαπατηθέντες
1743 3290 1787 3376 (τό
1802 3290 1860 3381 γάρ
1881 3289 2014 3361 άπιστεῖν

535 3416 580 3497 τῷ
606 3406 726 3475 πάντων
758 3403 883 3498 ἀρχοντι
912 3416 968 3476 τῶν
997 3413 1028 3477 ἐν
1052 3406 1197 3499 ΒυίακίιρΙ
1227 3416 1417 3499 στρατιωτῶν
1446 3411 1540 3501 εἶχον)
1573 3410 1625 3487 τολς
1653 3409 1749 3487 πυλάς
1775 3410 2015 3489 ἀναπετάσαντες

535 3527 605 3603 τοδς
626 3531 789 3616 πολεμίους
810 3530 963 3619 ἐδέχοντο.
1002 3528 1069 3597 τότε
1092 3529 1130 3617 δὴ
1153 3534 1182 3598 σί
1205 3529 1253 3605 ξδυ
1275 3536 1318 3619 τῷ
1334 3528 1460 3619 Ἱμερίιμ
1481 3528 1622 3618 ἐσβάντες
1640 3530 1827 3617 σπασάμενοι
1841 3529 1878 3598 τά
1894 3536 2010 3621 Είφηῖἳ)

536 3646 588 3723 τὰς
610 3646 706 3724 πυλάς
728 3652 896 3717 ἐπιτιθέναι
916 3646 985 3724 τοδς
1008 3648 1102 3738 ταότη
1126 3648 1263 3739 ρόλακας
1286 3650 1341 3719 οὐκ
1362 3652 1407 3717 ἔτι
1429 3651 1519 3735 εἴων,
1551 3647 1621 3717 ἀλλ’
1648 3646 1764 3717 άπαντα
1786 3657 1822 3739 τῇ
1845 3648 1931 3718 πόλει
1953 3649 2016 3720 αό-
2091 3656 2094 3665 “

536 3772 605 3835 τίκα
627 3771 765 3843 ἐδέξαντο
787 3767 837 3835 τδν
859 3776 919 3836 τῶν
943 3768 1144 3858 Μαυρουσίων
1167 3769 1304 3857 στρατόν.
1350 3769 1529 3858 ληισάμενοί
1555 3798 1588 3838 τε
1618 3767 1711 3857 αὐτὴν
1741 3774 1770 3836 οί
1795 3768 1943 3859 βάρβαροι
1964 3770 2015 3838 καί

381 3912 413 3976 p.
440 3894 500 3954 511
537 3885 674 3977 ρόλακας
697 3887 959 3976 καταστησάμενοι
981 3887 1100 3978 ὀλίγους
1122 3888 1204 3965 τινάς
1226 3858 1467 3978 ἀπηλλάσσοίιτο.
1507 3889 1675 3976 Ῥωμαίων
1698 3891 1732 3957 δέ
1753 3895 1812 3956 τῶν
1836 3894 2015 3978 ζωγρηθέν-

536 4034 595 4074 των
624 4010 703 4084 τινές
733 4010 786 4096 μέν
817 4006 978 4097 φεόγουτες
1008 4015 1038 4085 ἐς
1061 4007 1250 4099 Καρχηδόνα
1278 4003 1391 4097 ἦλθον,
1425 4014 1457 4079 ἐν
1487 4011 1532 4085 οἷς
1555 4006 1739 4098 Σεβηριανός
1761 4036 1793 4076 τε
1815 4011 1866 4076 καί
1883 4009 2014 4099 Ἱμέριος

537 4121 585 4215 ἦν.
633 4134 667 4197 ἐκ
690 4129 893 4217 Μαυρουσίων
916 4128 974 4217 γὰρ
996 4133 1058 4204 τοῖς
1081 4127 1200 4218 ρεόγειν
1225 4132 1380 4197 ἐθέλουσιν
1403 4127 1439 4198 οό
1460 4127 1595 4219 χαλεπδν
1618 4123 1667 4216 ἧν.
1705 4130 1812 4196 πολλοί
1835 4131 1868 4196 δέ
1890 4132 1941 4198 καί
1965 4130 2014 4205 Εδν

536 4254 581 4336 τῷ
599 4246 713 4335 Στότίη
735 4242 771 4317 τό
792 4274 822 4315 τι
844 4244 965 4325 ἀκοντες
987 4250 1120 4336 ἔμειναν.
1152 4252 1267 4317 Paullo
1280 4258 1354 4335 post
1381 4248 1493 4337 (χρόνῳ
1508 4251 1542 4315 δέ
1557 4247 1593 4317 οδ
1608 4253 1712 4338 πολλῶ
1726 4243 1859 4337 όστερυν)
1885 4251 2015 4317 Hadru-

536 4376 657 4435 metum
677 4370 814 4436 Romani
835 4377 1035 4457 recuperant.

382 4510 415 4574 p.
441 4491 505 4552 δ12
625 4488 708 4554 οἵτε
731 4487 922 4576 Μαοροόσιοι
944 4487 1137 4578 ἀδεέστερον,
1167 4483 1219 4553 άτε
1242 4485 1362 4563 οόδενδς
1385 4490 1485 4576 σφίσιν
1508 4488 1690 4572 ίπεξιόντος,
1716 4482 1789 4575 ἧγόν
1811 4514 1844 4555 τι
1865 4491 1917 4557 καί
1939 4490 2013 4579 ἔφε-

539 4632 590 4694 ρον
619 4601 736 4674 ἅπαντα
767 4608 820 4674 καί
849 4606 898 4682 ξδν
928 4605 1031 4683 αότοῖς
1057 4607 1073 4675 δ
1099 4605 1230 4683 Στότίας
1260 4610 1292 4675 ἐν
1321 4609 1448 4694 δυνάμει
1475 4604 1515 4674 ῶν
1543 4601 1613 4694 ἤδη.
1663 4606 1819 4695 Ῥωμαῖοι
1844 4607 1901 4697 γάρ
1932 4605 2016 4697 αὐτῷ

382 4748 417 4813 p.
442 4730 506 4793 513
539 4732 719 4814 στρατιῶται
739 4729 847 4794 πολλοί
868 4728 998 4812 εἵποντο,
1023 4730 1052 4794 οί
1076 4728 1129 4814 μέν
1153 4724 1316 4813 αὐτόμολοι
1337 4721 1471 4814 ἥκοντες,
1497 4730 1528 4793 οί
1549 4727 1584 4793 δέ
1603 4725 1673 4794 κατ’Δ
1701 4724 1797 4817 ἀρχὰς
1821 4730 1874 4815 μέν
1897 4728 2014 4818 αἰχμά-

536 4850 630 4913 λωτοι
649 4850 858 4935 γεγενημένοι,
885 4843 1056 4914 ἐθελοόσιοι
1079 4847 1112 4913 δέ
1135 4843 1227 4915 αότοῶ
1251 4848 1411 4934 μείναντες.
1456 4842 1600 4935 Ἰωάννης
1624 4850 1668 4932 δέ,
1694 4843 1729 4914 οὗ
1752 4844 1836 4934 δάἐί)
1863 4846 1950 4936 λόγος
1973 4842 2023 4924 τις

538 4958 577 5052 ἧν
600 4968 632 5032 ἐν
654 4965 871 5055 Μαυρουσίοις,
897 4968 1014 5055 Σεργίῳ
1036 4965 1281 5056 προσκεκρουκώς
1302 4970 1334 5043 ἐς
1356 4966 1394 5034 τά
1415 4965 1545 5054 μάλιστα
1566 4966 1698 5056 ἡσυχίαν
1719 4961 1804 5054 ἧγιν.

626 5088 679 5152 24.
705 5089 737 5153 ἐν
758 5084 900 5175 τοότῳέί)
927 5086 961 5152 δὲ
983 5084 1123 5175 βασιλεδς
1146 5080 1238 5154 ἀλλον
1261 5091 1292 5163 ἐς
1314 5083 1428 5175 Λιβόηυ
1451 5086 1616 5176 στρατηγὸν
1638 5084 1825 5175 Ἀρεόβινδον
1849 5085 1897 5161 ξδν
1921 5114 2013 5175 στρα-

539 5201 659 5282 τιώταις
680 5202 793 5294 όλίγοις
814 5207 890 5273 τισίν
912 5207 1055 5295 ἔπεμψεν,
1081 5200 1177 5296 ἀνδρα
1199 5210 1235 5275 ἐκ
1259 5211 1370 5297 βουλῆς
1393 5208 1447 5294 μέν
1469 5206 1524 5274 καί
1544 5200 1579 5275 εὖ
1600 5202 1754 5292 γεγονότα,
1783 5204 1879 5294 ἔργων
1902 5207 1936 5274 δέ
1957 5234 2015 5274 πο-

540 5327 651 5413 λεμίων
674 5322 816 5413 οὐδαμῶς
836 5327 997 5415 ἔμπειρον·
1035 5328 1088 5394 καί
1111 5326 1158 5401 ίδν
1181 5325 1265 5415 αι’)τῷ
1284 5324 1461 5395 Ἀθαυάσιου
1484 5322 1619 5416 ὕπαρχον
1630 5329 1666 5413 16)
1695 5320 1762 5414 ἀρτι
1784 5329 1815 5401 ἐξ
1834 5322 1966 5402 Ἰταλίας
1975 5330 2012 5412 ²⁰)

471 5651 513 5717 ίδ)
533 5655 569 5703 σί.
584 5649 714 5707 ίππικῶν.
798 5653 838 5717 16)
857 5655 892 5707 σί.
907 5652 1001 5705 αὐτῶν.
1092 5654 1133 5717 11)
1153 5656 1189 5705 οἱ.
1210 5650 1399 5722 στρατεύεσθαι.
1490 5652 1530 5717 18)
1550 5657 1586 5705 αι.
1602 5658 1649 5722 τῆς
1665 5669 1703 5705 τε.
1794 5650 1834 5715 19)
1854 5655 1888 5703 al.
1904 5652 1950 5720 μέν
1963 5670 2013 5705 τοι.

383 5735 425 5801 20)
445 5738 482 5789 σί.
501 5734 666 5806 δοριάλωτον.
789 5739 833 5804 21)
852 5741 896 5790 σί..
908 5737 1091 5808 ἀδραμυτηνοί.
1216 5739 1258 5803 22)
1278 5742 1311 5792 al.
1331 5738 1365 5792 τὰ
1381 5736 1442 5809 ξίφη
1459 5743 1592 5790 οιιιίίίίίατ.
1716 5737 1756 5801 23)
1778 5740 1813 5790 σί.
1834 5736 1866 5806 δι)
1884 5743 2015 5790 omittitur.

384 5821 426 5887 24)
447 5825 481 5874 ai.
501 5820 610 5880 τούτοις.
716 5824 758 5889 25)
779 5826 815 5874 al.
835 5822 958 5896 ἔπαρχον.
1064 5826 1104 5887 26)
1126 5829 1162 5877 αἱ.
1182 5822 1287 5878 ίταλῶν.

463 5921 586 5966 θρωπε.
1797 5921 1812 5976 s
