5030 6734
968 572 1198 627 IOHANNIDOS
1216 573 1287 627 LlB.
1309 574 1359 627 lll.

743 760 887 826 fervidus
909 760 1013 826 omnis
1037 768 1118 827 erat.
1165 761 1259 826 siccis
1282 766 1448 827 exarserat
1469 761 1566 826 ardor

744 864 908 945 faucibus,
936 872 969 929 et
988 864 1106 929 nimius
1127 864 1263 929 miseros
1285 871 1499 929 commoverat
1520 871 1640 929 aestus.

743 966 823 1032 forte
846 967 916 1032 sitis
939 966 1094 1049 quosdam
1116 965 1244 1050 gelidas
1267 951 1402 1031 deduxit
1422 965 1465 1029 ad
1488 964 1601 1030 undas.
1685 951 1690 960 ’

743 1076 816 1153 post
836 1075 961 1151 tergum
985 1069 1108 1135 rediere
1131 1068 1201 1134 riri.
1249 1089 1323 1133 nam
1346 1067 1475 1150 longius
1497 1065 1602 1132 amnis

743 1178 818 1237 ωηο
839 1172 961 1237 aberat.
1009 1172 1123 1256 plenos
1145 1172 1316 1256 portabant
1336 1170 1477 1236 fontibus
1499 1177 1586 1236 utres

744 1275 822 1340 haut
844 1276 954 1359 procul
976 1274 1052 1361 inde
1075 1295 1156 1339 cava
1178 1281 1360 1360 spectantes
1383 1274 1469 1339 valle
1492 1272 1641 1339 ministri.

743 1377 864 1461 primus
887 1385 923 1443 ut
942 1376 1102 1443 infaustas
1124 1377 1313 1460 contingens
1335 1376 1502 1442 Vandalus
1524 1375 1628 1441 undas

744 1479 889 1545 laudarit
911 1500 1057 1546 cessasse
1080 1479 1184 1561 sitim,
1210 1487 1287 1545 tunc
1309 1486 1416 1545 cetera
1438 1499 1533 1545 cursu

743 1583 786 1647 ad
809 1583 922 1649 latices
943 1584 1009 1648 iam
1031 1583 1126 1648 turba
1148 1583 1220 1648 coit.
1268 1582 1314 1648 sic
1337 1582 1404 1647 fata
1425 1582 1612 1663 trahebant,

600 1708 648 1746 ··u
745 1686 791 1752 sic
814 1686 942 1751 forturm
963 1706 1082 1752 nocens
1105 1685 1315 1751 damnaverat
1337 1685 1469 1769 agmina
1492 1686 1565 1751 leto.

744 1789 880 1872 signifer
901 1810 976 1855 ecce
999 1809 1096 1874 super
1117 1788 1306 1854 mutandum
1328 1788 1459 1855 credere
1481 1789 1608 1872 signum

744 1911 843 1956 ausus
866 1891 907 1956 de
930 1891 1062 1956 summis
1084 1891 1219 1957 reduces
1241 1891 1391 1956 contorsit
1412 1891 1556 1956 habenas

745 1994 917 2059 montibus.
963 1996 1048 2059 hunc
1070 1994 1214 2076 sequitur
1235 1993 1344 2060 densis
1367 1993 1527 2059 exercitus
1549 1992 1659 2059 armis.

744 2098 833 2162 invia
855 2104 948 2182 rupta
970 2103 1090 2181 patent.
1138 2104 1296 2180 quaerunt
1317 2096 1393 2161 dum
1415 2097 1572 2181 prendere
1595 2102 1721 2178 cantes,

746 2207 818 2285 post
838 2205 965 2283 tergum
987 2198 1132 2265 redeunt.
1180 2199 1343 2281 fugientes
1366 2198 1502 2265 credidit
1524 2201 1641 2281 hostis,

747 2308 779 2395 et
800 2322 923 2367 summo
945 2301 986 2367 de
1008 2309 1115 2368 monte
1137 2301 1211 2366 ruit.
1258 2302 1428 2387 perterruit
1449 2322 1560 2367 omnes

746 2424 840 2473 casus
863 2411 896 2470 et
915 2404 972 2469 ille
995 2404 1104 2470 duces.
1151 2411 1317 2489 raptantur
1338 2405 1432 2488 signa
1453 2411 1624 2470 retrorsum

746 2528 841 2573 uersa
863 2507 952 2590 iuga.
1000 2527 1063 2572 non
1085 2527 1217 2593 campus
1240 2515 1325 2591 erat,
1351 2528 1413 2591 quo
1436 2528 1561 2575 currere
1584 2514 1695 2592 posset

747 2612 829 2677 liber
851 2632 970 2694 equus,
997 2611 1143 2693 laxisque
1166 2611 1248 2676 levis
1271 2610 1421 2677 transiret
1442 2610 1587 2677 habenis.

603 2739 608 2751 ·
639 2737 651 2775 a
747 2735 806 2798 per
827 2734 923 2799 mpes
945 2715 1156 2799 scopulosque
1179 2721 1265 2780 metu
1288 2734 1407 2799 perque
1429 2713 1533 2779 ardua
1554 2713 1671 2779 montis

747 2837 828 2882 saxa
849 2817 981 2899 cadunt,
1008 2836 1143 2901 seseque
1166 2838 1223 2883 suo
1245 2817 1310 2882 iam
1332 2816 1473 2901 pondere
1495 2823 1653 2898 mergunt.

748 2920 816 2985 fata
836 2927 985 3006 premunt
1005 2920 1156 3003 miseros,
1182 2940 1313 2986 currens
1335 2927 1368 2985 et
1388 2919 1513 2986 territat
1533 2920 1651 3001 bostis,

747 3024 840 3090 ardet
860 3031 893 3089 et
914 3023 1103 3105 insequitur.
1151 3024 1274 3090 cunctis
1297 3023 1337 3089 de
1359 3023 1504 3108 partibus
1526 3023 1642 3106 ingens

747 3128 840 3193 turba
863 3126 966 3209 cadit,
993 3145 1128 3209 seseque
1150 3126 1217 3192 suis
1240 3146 1298 3212 per
1319 3133 1449 3211 pectora
1470 3126 1544 3205 telis

748 3229 974 3296 transfodiunt.
1021 3229 1078 3295 alii
1100 3229 1233 3295 veniunt
1254 3230 1289 3295 in
1311 3230 1378 3295 tela
1399 3229 1570 3295 cadentum

748 3333 957 3418 praecipites,
983 3332 1065 3398 alios
1087 3332 1213 3417 pondus
1235 3333 1331 3398 civile
1352 3333 1489 3417 repellit.

749 3436 796 3501 sic
817 3437 936 3521 pariter
956 3436 1085 3502 turbata
1106 3443 1202 3502 ruunt
1223 3437 1263 3502 de
1285 3436 1445 3501 montibus
1467 3435 1541 3501 altis

749 3539 880 3622 agmina
902 3538 1003 3605 densa
1025 3540 1140 3603 vimm.
1187 3538 1291 3604 mistis
1314 3544 1457 3604 rectator
1478 3545 1511 3603 et
1532 3538 1631 3603 armis

750 3642 841 3708 fortis
864 3661 979 3725 equus,
1005 3642 1110 3727 rapidi
1131 3641 1269 3707 iactatus
1291 3641 1417 3707 turbine
1440 3660 1570 3722 cursus,

606 3767 654 3805 aa
750 3744 898 3828 confluit,
924 3751 957 3811 et
977 3743 1140 3809 dominum
1162 3752 1253 3809 vasto
1276 3744 1336 3810 sub
1358 3743 1499 3829 pondere
1523 3743 1654 3825 frangit.

751 3869 808 3914 ceu
831 3849 981 3932 glaucam
1005 3847 1138 3913 veniens
1160 3846 1283 3931 grando
1307 3846 1477 3929 destringit
1499 3846 1633 3915 olivam.

750 3951 873 4016 arboris
895 3951 1061 4017 excutiens
1083 3969 1237 4015 concusso
1258 3950 1378 4016 vertice
1400 3949 1539 4032 fructus,

750 4061 826 4119 tnnc
847 4054 967 4139 pariter
989 4074 1144 4139 praeceps
1167 4054 1209 4120 ad
1230 4060 1348 4119 terram
1369 4051 1511 4138 pondere
1532 4051 1633 4117 nimbi

751 4164 784 4222 et
803 4163 894 4223 tener
916 4158 1091 4239 excutitur,
1117 4162 1288 4240 quassatus
1310 4154 1485 4239 grandine,
1511 4174 1630 4219 ramus.

751 4280 814 4324 non
836 4261 938 4325 virtus
958 4260 1089 4325 inimica
1110 4259 1212 4343 viros,
1239 4258 1297 4324 sed
1319 4258 1387 4323 fata
1410 4257 1598 4341 premebant

750 4362 877 4446 inuida,
903 4383 986 4447 quae
1007 4370 1129 4429 tantam
1152 4362 1366 4448 properabant
1387 4359 1521 4444 perdere
1544 4367 1685 4444 gentem.

838 4465 912 4531 hinc
933 4466 1021 4531 acies
1043 4465 1205 4531 confracta
1227 4463 1326 4546 redit,
1353 4482 1525 4546 regemque
1547 4469 1754 4541 trementem,

752 4588 905 4633 annorum
928 4568 1048 4633 fessum
1071 4587 1202 4633 numero
1224 4584 1398 4649 casumque
1421 4572 1592 4650 paventem

753 4670 867 4755 deicit,
894 4678 926 4736 et
948 4678 1107 4754 sceptrum
1130 4689 1227 4734 saevo
1249 4668 1339 4734 dedit
1359 4667 1436 4734 inde
1456 4675 1604 4753 tyranno.

610 4796 615 4810 ·
645 4796 657 4833 a
753 4781 829 4839 tunc
851 4773 954 4840 doluit
975 4774 1124 4858 princeps
1147 4772 1274 4856 dirupto
1296 4772 1426 4837 foedere
1448 4770 1558 4855 regni,

754 4884 829 4942 tunc
851 4876 986 4960 Libyam
1010 4876 1113 4941 solitis
1135 4875 1296 4958 quaesivit
1317 4876 1418 4939 ltoma
1440 4874 1623 4959 triumphis.

755 4978 813 5044 sed
834 4985 943 5043 tamen
965 4978 1000 5043 in
1023 4977 1148 5043 modico
1172 4976 1335 5061 perierunt
1355 4983 1497 5061 tempore
1520 4976 1623 5042 cladis

756 5081 857 5145 multa
879 5081 969 5145 satis.
1017 5080 1122 5145 dirum
1145 5085 1315 5145 senserunt
1335 5080 1442 5144 omnia
1460 5080 1595 5159 bellum.

755 5204 893 5266 namque
914 5184 998 5249 iuter
1020 5183 1166 5267 geminas
1189 5202 1301 5267 pressa
1323 5189 1373 5247 est
1394 5189 1470 5247 tunc
1492 5182 1602 5247 Africa
1623 5190 1742 5267 pestes.

611 5310 658 5352 nro
754 5287 829 5352 binc
851 5287 978 5353 fervens
1000 5287 1137 5369 bellum,
1164 5285 1306 5371 spolians
1328 5286 1444 5370 premit
1466 5286 1542 5351 inde
1564 5293 1731 5368 tyrannus.

756 5390 956 5456 subtrahit'a
977 5389 1103 5456 miseris
1125 5389 1231 5454 almae
1253 5388 1381 5453 fortuna
1404 5388 1519 5453 salutis

371 5544 532 5551 ———----
540 5544 712 5550 ——-.

438 5617 487 5668 221
508 5617 632 5666 nlmtosT
729 5615 835 5665 cstasT
937 5614 984 5664 231
1005 5615 1085 5664 autl'
1180 5619 1320 5677 spettautes
1335 5615 1364 5675 T,
1384 5620 1542 5677 spectantur
1555 5614 1654 5663 Lucbm.
1761 5614 1811 5665 232
1829 5618 1993 5667 nandulusT

370 5703 419 5752 236
432 5704 530 5752 credere
546 5703 575 5763 T,
590 5703 691 5750 credere
703 5703 770 5762 leptt,
784 5701 900 5748 accedere
912 5704 1008 5762 scripsit
1022 5700 1100 5748 Moza.
1173 5699 1220 5748 211
1236 5706 1319 5749 monte
1332 5699 1420 5763 Maza,
1437 5714 1503 5748 more
1518 5699 1539 5747 Τ
1608 5702 1662 5748 ruit
1673 5701 1760 5763 Haupt
1774 5700 1865 5761 Opuac.
1878 5705 1921 5751 111
1929 5707 1989 5763 626,

369 5789 471 5850 lugitT
573 5786 622 5835 253
640 5786 793 5834 nettatorT
895 5785 945 5833 255
962 5787 1066 5833 confluit
1080 5785 1105 5845 T,
1126 5787 1236 5833 concidit
1251 5785 1366 5833 dubitans
1385 5783 1464 5836 Muta.
1570 5784 1621 5835 256
1638 5786 1760 5846 gluncal'
1863 5789 1995 5839 nllusurT

368 5874 419 5924 256
437 5889 540 5937 preceps
557 5872 690 5936 puriterl'
793 5871 1000 5919 astruamur
1104 5871 1154 5921 263
1173 5870 1339 5920 armoruml'
1441 5871 1491 5921 264
1509 5871 1644 5919 detecltT
1746 5870 1795 5920 265
1815 5872 1952 5936 diruptlT

446 5974 565 6015 correers.
1772 5975 1787 6023 5
