5042 6726
1043 542 1272 599 Pssoontssvn.
1830 540 1977 604 XXXIX

345 764 453 850 capita
473 765 532 830 illa
553 764 756 831 emendanda
779 764 991 850 pertinerent,
1025 785 1148 832 meeum
1172 762 1434 843 communicaret,
1466 763 1579 848 petivi.
1626 762 1688 840 Qui
1712 770 1803 828 tanta
1830 762 1976 828 liberali-

346 890 414 949 tate
436 883 515 949 mihi
538 904 658 950 morem
681 885 800 968 gessit,
834 892 869 950 ut
892 905 956 950 non
978 885 1073 952 modo
1094 883 1213 951 menda
1235 882 1394 965 quaedam
1416 882 1552 966 parvula
1574 881 1724 947 editionis
1746 881 1975 947 Dindortianae

345 1010 480 1086 notaret,
506 1003 565 1069 sed
587 982 700 1069 haruin
721 1004 862 1088 capitum
885 1004 1025 1069 omnium
1048 1004 1195 1071 lectionis
1217 1001 1406 1067 varietatem
1427 1001 1547 1066 notulis
1569 1000 1687 1066 criticis
1702 1000 1868 1081 indicaret,
1894 1018 1975 1082 quaa

338 1122 489 1207 Preeopii
509 1123 613 1189 textui
634 1121 754 1187 addere
774 1121 854 1186 mihi
876 1121 976 1187 licuit.

347 1241 445 1307 Dind.
470 1241 487 1305 I
508 1262 542 1326 p.
568 1238 630 1305 2193
675 1242 766 1307 Proc.
792 1241 833 1307 de
855 1241 886 1306 b·
913 1240 1019 1305 Vand.
1043 1240 1076 1304 II
1102 1243 1140 1304 19
1178 1239 1201 1304 Γ
1202 1238 1331 1327 ερμανόν
1360 1241 1394 1306 δὲ
1424 1236 1473 1311 ἰόν
1502 1264 1535 1303 τε
1565 1234 1724 1325 Συμμάχιμ
1754 1236 1805 1302 καί
1835 1238 1974 1324 Δομνίκιμ

501 1356 768 1446 μεταπεμψάμενος
797 1355 937 1445 βασιλεδς
960 1359 1119 1444 Σολομῶνι
1148 1351 1236 1432 αὖθις
1267 1353 1386 1424 ἅπαντα
1408 1354 1523 1446 Λιβόης
1552 1355 1589 1423 τὰ
1610 1354 1772 1444 πράγματα
1795 1359 1971 1445 ἐνεχείρισε,

498 1479 742 1565 τρισκαιδέκατον
765 1477 830 1551 ἔτος
851 1475 905 1564 τήν
929 1475 1135 1565 αὐτοκράτορα
1157 1478 1237 1565 ἔχων
1260 1474 1378 1565 ἀρχήν·
1403 1473 1571 1566 στράτευμά
1595 1502 1627 1542 τε
1649 1473 1733 1564 αὐτῷ
1745 1475 1975 1566 παρασχόμενος

498 1595 550 1663 καί
579 1592 727 1685 ἄρχοντας
757 1591 867 1671 άλλους
896 1622 929 1663 τε
955 1594 1006 1663 καί
1029 1594 1195 1685 Ῥουφῖνον
1225 1598 1276 1663 καί
1299 1593 1439 1664 Λεόντιον
1467 1597 1536 1672 τοδς
1566 1596 1669 1663 Ζάννα
1698 1602 1750 1663 τοδ
1773 1594 1975 1685 Φαρασμάνου

499 1717 551 1781 καί
577 1714 719 1803 Ἰωάννην
747 1714 797 1783 τόν
825 1716 1014 1783 Σισιννιόλου
1045 1713 1120 1782 υίόν.
1167 1717 1329 1803 capitibus
1357 1718 1389 1782 Π
1415 1722 1464 1783 19.
1491 1722 1533 1782 20
1562 1717 1743 1783 Solomonis
1772 1718 1806 1782 in
1834 1724 1974 1784 montem

344 1857 376 1920 p.
403 1841 462 1901 501
498 1836 671 1903 Aurasium
693 1837 858 1922 expeditio
880 1844 1063 1918 enarratur,
1096 1856 1161 1918 qua
1189 1836 1326 1902 feliciter
1356 1837 1503 1903 confecta
1531 1833 1636 1924 Ζάβην
1665 1862 1698 1901 τε
1719 1833 1773 1922 τήν
1795 1834 1920 1923 χώραν,
1953 1830 1973 1921 ἦ

500 1953 575 2042 ὑπὲρ
601 1949 671 2042 όρος
700 1953 734 2020 τὸ
757 1952 909 2043 Αόράσιόν
940 1959 1003 2021 ἐστι
1026 1954 1219 2042 Μαυριτανία
1245 1980 1278 2020 τε
1305 1952 1325 2041 ἡ
1354 1952 1458 2043 πρώτη
1489 1956 1627 2021 καλεῖται
1655 1952 1835 2042 μητρόπολιν
1859 1956 1974 2042 Σίτιφιν

498 2075 630 2161 ἔχουσα,
663 2080 700 2161 πή
723 2070 892 2159 Ῥωμαίων
921 2071 1001 2161 ἀρχή
1029 2077 1060 2148 ἐς
1083 2069 1178 2161 φόρου
1201 2071 1365 2161 όιπαγωγήν
1386 2070 1637 2162 προσεποιήσατο.
1661 2073 1778 2139 -καί
1800 2069 1856 2138 ἀπ’
1882 2070 1975 2141 αότοδ

498 2196 605 2281 λίβυες
629 2188 772 2276 άπαντες,
806 2190 1026 2278 οἳ«(Ρωμαίων
1055 2191 1200 2279 κατήκοοι
1228 2186 1323 2280 ἦσαν,
1354 2191 1476 2282 εἰρήνης
1506 2190 1660 2281 ἀσφαλοῦς
1685 2190 1825 2281 τυχόντες
1846 2193 1899 2259 καί
1920 2199 1973 2280 τῆς

498 2314 676 2397 Σολομῶνος
698 2310 797 2400 όιρχής
819 2309 975 2399 σώφρονός
996 2338 1029 2377 τε
1051 2312 1104 2378 καί
1126 2314 1194 2378 λίαν
1218 2315 1357 2400 μετρίας,
1384 2313 1415 2387 ἔς
1437 2338 1470 2379 τε
1491 2310 1526 2378 τδ
1548 2311 1651 2379 λοιπόν
1673 2315 1816 2398 πολέμιον
1837 2311 1924 2379 οόδὲν
1941 2316 1972 2377 ἐν

498 2437 541 2520 νῷ
563 2433 694 2519 ἔχοντες,
720 2433 825 2504 ἔδοξαν
849 2429 1110 2517 εὐδαιμονέστατοι
1132 2431 1212 2498 εἶναι
1234 2429 1399 2519 ἀνθρώπων
1423 2429 1571 2498 ἁπάντων.

585 2556 636 2616 21.
662 2548 793 2638 τετάρτῳ
817 2551 851 2617 δέ
873 2546 995 2638 ὕστερον
1018 2552 1147 2638 ἐνιαυτῷ
1170 2544 1289 2618 ἅπαντα
1311 2553 1411 2639 σφίσιν
1442 2549 1545 2639 ἀγαθά
1573 2554 1604 2625 ἐς
1633 2549 1803 2618 τούναντίον
1832 2553 1974 2637 γενέσθαι

498 2674 664 2742 ξυνέπεσεν.
711 2672 776 2745 ἔτος
798 2669 857 2759 γὰρ
880 2668 1009 2759 ἕβδομόν
1031 2696 1064 2737 τε
1086 2669 1136 2736 καὶ
1159 2672 1283 2738 δέκατον
1303 2667 1519 2738 Ἰουστινιανοδ
1535 2673 1683 2758 βασιλέως
1698 2670 1751 2757 τήν
1768 2668 1974 2758 αὐτοκράτορα

225 2840 231 2851 ,
342 2813 373 2876 p.
401 2794 464 2856 502
498 2787 596 2877 ἀρχήν
626 2790 765 2878 ἔχοντος,
799 2788 898 2878 Κδρός
927 2815 960 2857 τε
986 2790 1038 2856 καί
1060 2791 1184 2879 Σέργιος
1214 2793 1243 2856 σί
1272 2788 1400 2879 Βάκχου
1428 2797 1481 2858 τοδ
1503 2791 1678 2877 Σολομῶνος
1707 2787 1841 2878 ἀδελφοῦ
1869 2793 1975 2864 παῖδες

485 2906 613 2975 ’πόλεων
641 2916 700 2975 τῶν
729 2912 761 2975 ἐν
783 2907 880 2997 Λιβόη
908 2908 980 2997 πρὸς
1009 2911 1157 2997 βασιλέως
1188 2904 1294 2998 άρχειν
1316 2911 1444 2999 ἔλαχον,
1479 2910 1695 2984 Πενταπόλεως
1718 2909 1772 2995 μέν
1794 2906 1811 2975 δ
1834 2908 1934 2997 Κδρος
1958 2906 1973 2975 δ

495 3026 706 3117 πρεσβύτερος,
732 3026 904 3117 Τριπόλεως
928 3031 961 3096 δὲ
983 3031 1119 3118 Σέργιος.
1160 3027 1351 3117 Μαυροόσιοι
1365 3031 1398 3096 δὲ
1413 3033 1442 3096 υί
1457 3027 1597 3097 nautea
1608 3034 1629 3115 ¹)
1655 3026 1837 3115 καλοόμενοι
1856 3036 1974 3118 στρατῷ

498 3146 620 3237 μεγάλῳ
644 3154 674 3224 ἐς
696 3150 906 3236 Λεπτίμαγναν
935 3148 1021 3217 πόλιν
1043 3147 1115 3237 παρ’
1142 3148 1231 3216 αὐτὸν
1253 3151 1353 3216 ἵκοντο
1376 3152 1603 3237 έπιδρυλοδντες
1626 3144 1672 3216 ότι
1695 3146 1732 3235 δή
1755 3147 1863 3216 τούτου
1885 3152 1974 3215 ένεκα

495 3266 615 3355 ἥκοιεν,
648 3264 728 3343 όπως
756 3266 772 3335 δ
796 3270 921 3357 Σέργιος
952 3273 1036 3358 δῶρα
1066 3271 1118 3335 καὶ
1148 3267 1279 3358 Εόμβολα
1309 3272 1394 3357 σφίσι
1416 3266 1452 3335 τὰ
1475 3265 1657 3355 νομιζόμενα
1680 3266 1749 3342 δοδς
1771 3265 1826 3354 τήν
1850 3267 1972 3357 εἰρήνην

495 3385 688 3476 κρατόνητει.
728 3389 874 3455 barbaris
897 3390 1060 3456 nobilibus
1082 3390 1254 3473 oetoginta,
1279 3390 1334 3474 qui
1356 3390 1420 3456 tide
1438 3396 1571 3475 aeeepta
1585 3389 1619 3453 in
1634 3389 1746 3454 urbem
1760 3389 1969 3473 intraverant,
2025 3407 2033 3433 ι

495 3509 671 3575 interfectis
697 3508 881 3575 Maurorum
910 3511 1070 3576 exereitus
1098 3510 1209 3575 urbem
1238 3511 1319 3594 petit
1350 3515 1383 3574 et
1404 3516 1479 3576 ante
1501 3515 1610 3594 portas
1633 3527 1705 3574 eum
1727 3509 1881 3574 Romanis
1903 3509 1973 3576 acie
2073 3530 2075 3533 ’

494 3627 646 3712 confligit.

340 3770 373 3832 p.
400 3751 463 3812 503
582 3743 683 3834 χρόνῳ
707 3747 740 3812 δὲ
762 3738 884 3834 ’όστερον
900 3747 999 3832 οἱμὲν
1016 3743 1165 3834 βάρβαροι
1181 3749 1296 3832 μείζονι
1310 3751 1487 3834 παρασκευή
1504 3744 1552 3813 ἐπί
1568 3744 1744 3832 Ῥωμαίους
1759 3742 1968 3832 ἐστράτευσαν.

496 3866 620 3952 Σέργιος
643 3863 780 3953 δὲπαρά
803 3867 971 3953 Σολομῶνα
993 3865 1042 3932 τὸν
1067 3868 1149 3940 θεῖον
1172 3861 1302 3951 ἐστάλη,
1332 3862 1385 3954 ἐφ’
1412 3860 1511 3954 ιγ’)καί
1536 3863 1625 3940 αότδς
1648 3867 1761 3952 μείζονι
1784 3871 1901 3952 στρατῷ
1923 3865 1972 3932 ἐπὶ

495 3984 562 4059 τοδς
592 3986 753 4071 πολεμίους
783 3984 843 4052 ἴοι·
879 3980 915 4053 οδ
939 3984 976 4072 δή
1000 3987 1052 4052 καί
1074 3985 1176 4073 Κῦρον
1199 3982 1249 4051 τόν
1273 3982 1404 4073 ἀδελφόν
1428 3980 1526 4073 εὗρεν.
1573 3985 1603 4051 οἳ
1625 4009 1658 4050 τε
1682 3979 1832 4072 βάρβαροι
1854 3988 1884 4059 ἐς
1907 3984 1972 4051 Βυ-

495 4101 597 4178 ζάκιον
621 4101 799 4192 ἀφικόμενοι
820 4108 946 4172 πλεῖστα
969 4109 1000 4179 ἐξ
1024 4110 1187 4193 ἐπιδρομῆς
1210 4106 1370 4191 ἐληίσαντο
1392 4111 1451 4171 τῶν
1474 4106 1574 4191 ἐκείνη
1597 4106 1737 4192 χωρίων·
1772 4101 1914 4177 Ἀντάλας
1938 4104 1971 4169 δέ

340 4248 371 4311 μ.
400 4229 461 4291 504
501 4220 602 4312 (οὗπερ
625 4228 656 4291 ἐν
678 4228 741 4298 τοῖς
763 4224 932 4313 ἔμπροσθεν
959 4221 1060 4312 λόγοις
1089 4221 1262 4311 ἐμνήσθην,
1295 4221 1347 4291 άτε
1369 4221 1539 4309 Ῥωμαίοις
1568 4229 1673 4289 πιστοδ
1703 4219 1967 4309 διαμεμενηκότας,

494 4344 546 4409 καί
569 4341 610 4409 δι’
639 4339 712 4410 αὐτὸ
736 4341 827 4429 μόνου
849 4348 880 4411 ἐν
904 4342 1047 4433 Βυζακίιμ
1070 4344 1271 4433 Μαυρουσίων
1294 4338 1449 4432 ἄρχοντος)
1483 4336 1542 4429 ήδη
1571 4343 1726 4429 Σολομκῖννι
1754 4344 1969 4428 ἐκπεπολεμω-

495 4466 582 4548 μένος
604 4459 777 4549 ἐτόγχανεν,
803 4458 849 4529 ότι
871 4489 903 4529 τε
924 4461 978 4537 τάς
1001 4461 1142 4551 σιτήσεις,
1169 4464 1218 4538 αίς
1241 4461 1330 4531 αότδν
1353 4460 1493 4551 βασιλεὺς
1512 4459 1691 4549 έτετιμήκει,
1718 4462 1862 4548 Σολομῶν
1879 4459 1968 4549 όιφεί-

494 4588 561 4648 λετο
589 4583 642 4648 καὶ
669 4579 718 4647 τὸν
748 4579 878 4669 ἀδελφόν
907 4580 957 4648 τδν
981 4580 1072 4649 αὐτοῦ
1094 4585 1221 4666 ἔκτεινε,
1253 4581 1390 4670 ταραχήν
1413 4580 1505 4649 αιἰτοδ
1526 4607 1593 4648 τινα
1616 4586 1647 4655 ές
1669 4580 1863 4667 Βυζακηνοδς
1884 4607 1968 4668 γινο-

495 4706 586 4787 μένην
609 4698 795 4789 ἐπενεγκών·
823 4698 890 4767 τότε
911 4704 1013 4788 γοδνῖ)
1039 4698 1160 4777 τοότους
1179 4700 1322 4776 Ἂντάλας
1342 4699 1411 4777 τοὺς
1433 4700 1606 4790 βαρβάρους
1629 4695 1757 4787 άσμενός
1778 4726 1812 4766 τε
1834 4700 1895 4766 εἶδε
1917 4702 1970 4766 καί

494 4821 660 4910 ὁμαιχμίαν
683 4817 884 4908 ποιησάμενος
906 4823 955 4887 ἐπί
977 4819 1144 4908 Σολυμῶνοί
1166 4848 1198 4889 τε
1220 4823 1272 4889 καί
1295 4820 1484 4911 Καρχηδόνα
1506 4823 1606 4911 σφίσιν
1628 4817 1775 4907 ἡγήσατο.
1823 4820 1968 4906 Σολομῶν
2035 4815 2037 4819 ’

494 4944 537 5023 δέ,
563 4942 629 5008 ἐπεί
650 4946 745 5007 ταῦτα
766 4934 888 5027 ἤκουσε,
914 4942 1001 5007 παντί
1023 4947 1067 5030 τῷ
1089 4948 1207 5030 στρατῷ
1230 4936 1306 5030 ἄρας
1328 4940 1378 5008 ἐπ’
1405 4938 1514 5016 αότοδς
1535 4935 1596 5030 ήει,
1622 4941 1673 5006 καί
1691 4936 1873 5027 καταλαβων
1890 4937 1968 5027 ἀμφὶ

492 5059 578 5128 πόλιν
601 5060 772 5149 Τεβέστην,
798 5062 827 5132 ἓξ
848 5058 969 5147 ἡμερῶν
991 5059 1054 5149 δδῷ
1077 5058 1278 5150 Καρχηδόνος
1300 5065 1478 5151 διέχουσαν,
1512 5056 1802 5148 ἐστρατοπεδεόσατο
1825 5056 1913 5133 αότός
1935 5084 1968 5125 τε

492 5182 543 5248 καί
566 5184 595 5248 οί
617 5176 744 5269 Βάκχου
765 5184 817 5246 τυδ
841 5178 974 5268 ἀδελφοῦ
996 5183 1112 5265 παῖδες,
1138 5179 1239 5270 Κῦρός
1260 5207 1294 5249 τε
1315 5183 1367 5247 καὶ
1382 5182 1507 5268 Σέργιος
1528 5180 1581 5247 καὶ
1604 5181 1746 5265 Σολομῶν
1768 5175 1785 5245 δ
1806 5178 1963 5254 νεώτατος.

493 5303 594 5375 δείσας
621 5326 653 5366 τε
683 5297 716 5366 τὸ
744 5303 803 5365 τῶν
833 5296 994 5389 βαρβάρων
1023 5303 1141 5387 πλῆθος
1169 5301 1285 5389 ἔπεμψε
1313 5299 1395 5388 παρὰ
1423 5305 1480 5366 τῶν
1503 5301 1649 5366 Λευαθῶν
1660 5302 1681 5383 ³)
1714 5295 1783 5372 τοδς
1805 5290 1963 5385 όρχοντας,

493 5418 681 5508 μεμφόμενος
705 5419 758 5506 μὲν
779 5413 826 5485 ότι
849 5417 884 5485 δέ
909 5420 1065 5487 ἔνσπονδοι
1086 5419 1253 5507 Ῥωμαίων
1281 5413 1364 5494 ’όντες
1386 5419 1451 5487 εἶτα
1473 5412 1631 5493 ἐνόπλοις
1653 5415 1808 5506 γενόμενοι
1830 5414 1880 5483 ἐπ’
1907 5415 1964 5483 αό-

424 5709 815 5776 1λλιυτιόέαισοαα.,ρὶετίρυε,
840 5710 1248 5781 λαβοίψαιοιιυειάειετίοτίδυι.
1366 5712 1390 5777 2)
1411 5714 1446 5764 at.
1466 5708 1520 5764 οὖν.
1628 5712 1650 5773 3)
1672 5706 1799 5773 λιυσδῶν,
1819 5707 1962 5779 tedindem,

335 5795 560 5864 λιμόνδωνεοάἀ.
