<?xml version="1.0" encoding="UTF-8"?>
<!DOCTYPE html PUBLIC "-//W3C//DTD XHTML 1.0 Transitional//EN"
    "http://www.w3.org/TR/xhtml1/DTD/xhtml1-transitional.dtd">
<html xmlns="http://www.w3.org/1999/xhtml" xml:lang="en" lang="en">
 <head>
  <title>
</title>
<meta http-equiv="Content-Type" content="text/html;charset=utf-8" />
  <meta name='ocr-system' content='tesseract 3.04.00' />
  <meta name='ocr-capabilities' content='ocr_page ocr_carea ocr_par ocr_line ocrx_word'/>
</head>
<body>
  <div class='ocr_page' id='page_1' title='image "./corippiafricani00partgoog_0059.png"; bbox 0 0 5042 6726; ppageno 0'>
   <div class='ocr_carea' id='block_1_1' title="bbox 549 566 1479 645">
    <p class='ocr_par' dir='ltr' id='par_1_1' title="bbox 549 566 1479 645">
     <span class='ocr_line' id='line_1_1' title="bbox 549 566 1479 645; baseline -0.003 -19"><span class='ocrx_word' id='word_1_1' title='bbox 549 566 610 645; x_wconf 74' lang='lat' dir='ltr'>1,ss</span> <span class='ocrx_word' id='word_1_2' title='bbox 1249 567 1479 625; x_wconf 76' lang='lat' dir='ltr'>sacoanrvn.</span> 
     </span>
    </p>
   </div>
   <div class='ocr_carea' id='block_1_2' title="bbox 551 745 2181 1240">
    <p class='ocr_par' dir='ltr' id='par_1_2' title="bbox 551 745 2181 1240">
     <span class='ocr_line' id='line_1_2' title="bbox 638 745 2180 877; baseline -0.004 -19"><span class='ocrx_word' id='word_1_3' title='bbox 638 798 665 877; x_wconf 83' lang='grc'>4)</span> <span class='ocrx_word' id='word_1_4' title='bbox 694 788 750 858; x_wconf 85' lang='lat' dir='ltr'>iol.</span> <span class='ocrx_word' id='word_1_5' title='bbox 777 745 933 854; x_wconf 54' lang='lat' dir='ltr'>mir-51.</span> <span class='ocrx_word' id='word_1_6' title='bbox 953 792 1142 875; x_wconf 75' lang='lat' dir='ltr'>panegyrici</span> <span class='ocrx_word' id='word_1_7' title='bbox 1164 790 1267 875; x_wconf 87' lang='lat' dir='ltr'>ipsius</span> <span class='ocrx_word' id='word_1_8' title='bbox 1284 791 1361 855; x_wconf 81' lang='lat' dir='ltr'>libri</span> <span class='ocrx_word' id='word_1_9' title='bbox 1385 798 1543 874; x_wconf 87' lang='lat' dir='ltr'>quattuor.</span> <span class='ocrx_word' id='word_1_10' title='bbox 1590 791 1677 856; x_wconf 87' lang='lat' dir='ltr'>Inter</span> <span class='ocrx_word' id='word_1_11' title='bbox 1699 790 1810 856; x_wconf 85' lang='lat' dir='ltr'>folium</span> <span class='ocrx_word' id='word_1_12' title='bbox 1822 789 2021 854; x_wconf 69' lang='lat' dir='ltr'>uicesimum</span> <span class='ocrx_word' id='word_1_13' title='bbox 2043 787 2180 872; x_wconf 86' lang='lat' dir='ltr'>primam</span> 
     </span>
     <span class='ocr_line' id='line_1_3' title="bbox 551 907 2181 993; baseline -0.006 -11"><span class='ocrx_word' id='word_1_14' title='bbox 551 924 584 982; x_wconf 88' lang='lat' dir='ltr'>et</span> <span class='ocrx_word' id='word_1_15' title='bbox 604 914 790 981; x_wconf 85' lang='lat' dir='ltr'>vicesimum</span> <span class='ocrx_word' id='word_1_16' title='bbox 815 914 950 979; x_wconf 89' lang='lat' dir='ltr'>alterum</span> <span class='ocrx_word' id='word_1_17' title='bbox 979 912 1072 993; x_wconf 71' lang='grc'>(127)</span> <span class='ocrx_word' id='word_1_18' title='bbox 1099 911 1219 976; x_wconf 90' lang='lat' dir='ltr'>codicis</span> <span class='ocrx_word' id='word_1_19' title='bbox 1241 910 1354 977; x_wconf 85' lang='lat' dir='ltr'>folium</span> <span class='ocrx_word' id='word_1_20' title='bbox 1377 930 1475 977; x_wconf 90' lang='lat' dir='ltr'>unum</span> <span class='ocrx_word' id='word_1_21' title='bbox 1497 909 1670 991; x_wconf 87' lang='lat' dir='ltr'>intercidit,</span> <span class='ocrx_word' id='word_1_22' title='bbox 1697 909 1783 992; x_wconf 87' lang='lat' dir='ltr'>quod</span> <span class='ocrx_word' id='word_1_23' title='bbox 1804 928 1918 974; x_wconf 88' lang='lat' dir='ltr'>versas</span> <span class='ocrx_word' id='word_1_24' title='bbox 1939 909 2065 975; x_wconf 87' lang='lat' dir='ltr'>circiter</span> <span class='ocrx_word' id='word_1_25' title='bbox 2085 907 2181 992; x_wconf 88' lang='lat' dir='ltr'>qain-</span> 
     </span>
     <span class='ocr_line' id='line_1_4' title="bbox 551 1024 2179 1119; baseline -0.006 -19"><span class='ocrx_word' id='word_1_26' title='bbox 551 1035 706 1119; x_wconf 76' lang='lat' dir='ltr'>quaginta</span> <span class='ocrx_word' id='word_1_27' title='bbox 735 1039 885 1115; x_wconf 86' lang='lat' dir='ltr'>quattuor</span> <span class='ocrx_word' id='word_1_28' title='bbox 913 1032 1109 1098; x_wconf 72' lang='lat' dir='ltr'>continuisse</span> <span class='ocrx_word' id='word_1_29' title='bbox 1130 1031 1266 1097; x_wconf 85' lang='lat' dir='ltr'>videtur.</span> <span class='ocrx_word' id='word_1_30' title='bbox 1314 1030 1401 1096; x_wconf 84' lang='lat' dir='ltr'>Inter</span> <span class='ocrx_word' id='word_1_31' title='bbox 1422 1048 1536 1096; x_wconf 88' lang='lat' dir='ltr'>uersus</span> <span class='ocrx_word' id='word_1_32' title='bbox 1557 1030 1602 1095; x_wconf 89' lang='lat' dir='ltr'>lV</span> <span class='ocrx_word' id='word_1_33' title='bbox 1628 1033 1688 1094; x_wconf 89' lang='grc'>172</span> <span class='ocrx_word' id='word_1_34' title='bbox 1710 1036 1743 1095; x_wconf 88' lang='lat' dir='ltr'>et</span> <span class='ocrx_word' id='word_1_35' title='bbox 1769 1033 1827 1093; x_wconf 86' lang='grc'>173</span> <span class='ocrx_word' id='word_1_36' title='bbox 1851 1029 1974 1095; x_wconf 87' lang='lat' dir='ltr'>librarii</span> <span class='ocrx_word' id='word_1_37' title='bbox 1995 1050 2016 1094; x_wconf 88' lang='lat' dir='ltr'>a</span> <span class='ocrx_word' id='word_1_38' title='bbox 2038 1028 2107 1094; x_wconf 85' lang='lat' dir='ltr'>folii</span> <span class='ocrx_word' id='word_1_39' title='bbox 2129 1024 2179 1091; x_wconf 70' lang='grc' dir='ltr'>47ἰ</span> 
     </span>
     <span class='ocr_line' id='line_1_5' title="bbox 551 1149 2176 1240; baseline -0.005 -21"><span class='ocrx_word' id='word_1_40' title='bbox 551 1155 672 1240; x_wconf 89' lang='lat' dir='ltr'>pagina</span> <span class='ocrx_word' id='word_1_41' title='bbox 699 1154 803 1238; x_wconf 88' lang='lat' dir='ltr'>priore</span> <span class='ocrx_word' id='word_1_42' title='bbox 831 1153 874 1218; x_wconf 84' lang='lat' dir='ltr'>ad</span> <span class='ocrx_word' id='word_1_43' title='bbox 901 1152 1108 1238; x_wconf 69' lang='lat' dir='ltr'>posteriorem</span> <span class='ocrx_word' id='word_1_44' title='bbox 1137 1150 1372 1217; x_wconf 87' lang='lat' dir='ltr'>transcedentis</span> <span class='ocrx_word' id='word_1_45' title='bbox 1394 1150 1601 1234; x_wconf 73' lang='lat' dir='ltr'>neglegentia</span> <span class='ocrx_word' id='word_1_46' title='bbox 1623 1167 1735 1214; x_wconf 84' lang='lat' dir='ltr'>versus</span> <span class='ocrx_word' id='word_1_47' title='bbox 1757 1151 1938 1234; x_wconf 88' lang='lat' dir='ltr'>complures</span> <span class='ocrx_word' id='word_1_48' title='bbox 1960 1149 2072 1214; x_wconf 89' lang='lat' dir='ltr'>omissi</span> <span class='ocrx_word' id='word_1_49' title='bbox 2093 1155 2176 1214; x_wconf 89' lang='lat' dir='ltr'>sunt.</span> 
     </span>
    </p>
   </div>
   <div class='ocr_carea' id='block_1_3' title="bbox 553 1269 2297 1356">
    <p class='ocr_par' dir='ltr' id='par_1_3' title="bbox 553 1269 2297 1356">
     <span class='ocr_line' id='line_1_6' title="bbox 553 1269 2297 1356; baseline 0 -16"><span class='ocrx_word' id='word_1_50' title='bbox 553 1275 691 1340; x_wconf 88' lang='lat' dir='ltr'>Lacunis</span> <span class='ocrx_word' id='word_1_51' title='bbox 714 1272 846 1353; x_wconf 87' lang='lat' dir='ltr'>ceteris,</span> <span class='ocrx_word' id='word_1_52' title='bbox 881 1293 964 1356; x_wconf 91' lang='lat' dir='ltr'>quae</span> <span class='ocrx_word' id='word_1_53' title='bbox 993 1272 1027 1337; x_wconf 92' lang='lat' dir='ltr'>in</span> <span class='ocrx_word' id='word_1_54' title='bbox 1055 1271 1120 1337; x_wconf 84' lang='lat' dir='ltr'>fine</span> <span class='ocrx_word' id='word_1_55' title='bbox 1146 1270 1222 1336; x_wconf 89' lang='lat' dir='ltr'>libri</span> <span class='ocrx_word' id='word_1_56' title='bbox 1244 1270 1348 1354; x_wconf 89' lang='lat' dir='ltr'>quarti</span> <span class='ocrx_word' id='word_1_57' title='bbox 1372 1289 1486 1336; x_wconf 85' lang='lat' dir='ltr'>versus</span> <span class='ocrx_word' id='word_1_58' title='bbox 1508 1269 1596 1335; x_wconf 91' lang='lat' dir='ltr'>haud</span> <span class='ocrx_word' id='word_1_59' title='bbox 1617 1289 1754 1355; x_wconf 87' lang='lat' dir='ltr'>paucos,</span> <span class='ocrx_word' id='word_1_60' title='bbox 1787 1269 1821 1334; x_wconf 92' lang='lat' dir='ltr'>in</span> <span class='ocrx_word' id='word_1_61' title='bbox 1850 1270 1957 1336; x_wconf 89' lang='lat' dir='ltr'>medio</span> <span class='ocrx_word' id='word_1_62' title='bbox 1985 1269 2180 1354; x_wconf 80' lang='lat' dir='ltr'>panegyrico</span> <span class='ocrx_word' id='word_1_63' title='bbox 2295 1337 2297 1340; x_wconf 11' lang='grc' dir='ltr'><em>Α</em></span> 
     </span>
    </p>
   </div>
   <div class='ocr_carea' id='block_1_4' title="bbox 550 1389 2183 3156">
    <p class='ocr_par' dir='ltr' id='par_1_4' title="bbox 552 1389 2180 1598">
     <span class='ocr_line' id='line_1_7' title="bbox 552 1389 2180 1476; baseline -0.004 -16"><span class='ocrx_word' id='word_1_64' title='bbox 552 1395 648 1460; x_wconf 90' lang='lat' dir='ltr'>modo</span> <span class='ocrx_word' id='word_1_65' title='bbox 669 1393 770 1459; x_wconf 84' lang='lat' dir='ltr'>verbs</span> <span class='ocrx_word' id='word_1_66' title='bbox 791 1393 937 1476; x_wconf 89' lang='lat' dir='ltr'>singula,</span> <span class='ocrx_word' id='word_1_67' title='bbox 972 1392 1065 1458; x_wconf 92' lang='lat' dir='ltr'>modo</span> <span class='ocrx_word' id='word_1_68' title='bbox 1087 1410 1201 1458; x_wconf 89' lang='lat' dir='ltr'>versus</span> <span class='ocrx_word' id='word_1_69' title='bbox 1222 1390 1373 1456; x_wconf 88' lang='lat' dir='ltr'>dimidios</span> <span class='ocrx_word' id='word_1_70' title='bbox 1394 1391 1586 1473; x_wconf 89' lang='lat' dir='ltr'>hauserunt,</span> <span class='ocrx_word' id='word_1_71' title='bbox 1619 1396 1741 1455; x_wconf 85' lang='lat' dir='ltr'>tantum</span> <span class='ocrx_word' id='word_1_72' title='bbox 1770 1410 1833 1456; x_wconf 90' lang='lat' dir='ltr'>non</span> <span class='ocrx_word' id='word_1_73' title='bbox 1861 1390 2009 1454; x_wconf 84' lang='lat' dir='ltr'>omnibus</span> <span class='ocrx_word' id='word_1_74' title='bbox 2038 1389 2103 1454; x_wconf 89' lang='lat' dir='ltr'>iarn</span> <span class='ocrx_word' id='word_1_75' title='bbox 2126 1410 2180 1454; x_wconf 88' lang='lat' dir='ltr'>co·</span> 
     </span>
     <span class='ocr_line' id='line_1_8' title="bbox 555 1502 2044 1598; baseline -0.005 -17"><span class='ocrx_word' id='word_1_76' title='bbox 555 1512 660 1581; x_wconf 89' lang='lat' dir='ltr'>dicem</span> <span class='ocrx_word' id='word_1_77' title='bbox 683 1513 905 1598; x_wconf 82' lang='lat' dir='ltr'>antiquiorem,</span> <span class='ocrx_word' id='word_1_78' title='bbox 933 1532 951 1578; x_wconf 90' lang='lat' dir='ltr'>e</span> <span class='ocrx_word' id='word_1_79' title='bbox 973 1533 1035 1596; x_wconf 92' lang='lat' dir='ltr'>quo</span> <span class='ocrx_word' id='word_1_80' title='bbox 1057 1511 1254 1578; x_wconf 77' lang='lat' dir='ltr'>Matritensis</span> <span class='ocrx_word' id='word_1_81' title='bbox 1276 1511 1456 1597; x_wconf 89' lang='lat' dir='ltr'>descriptus</span> <span class='ocrx_word' id='word_1_82' title='bbox 1479 1502 1539 1594; x_wconf 81' lang='lat' dir='ltr'>est,</span> <span class='ocrx_word' id='word_1_83' title='bbox 1565 1510 1764 1577; x_wconf 88' lang='lat' dir='ltr'>deminutum</span> <span class='ocrx_word' id='word_1_84' title='bbox 1786 1510 1889 1575; x_wconf 85' lang='lat' dir='ltr'>fuisse</span> <span class='ocrx_word' id='word_1_85' title='bbox 1909 1517 2044 1576; x_wconf 85' lang='lat' dir='ltr'>constat.</span> 
     </span>
    </p>

    <p class='ocr_par' dir='ltr' id='par_1_5' title="bbox 550 1630 2182 2556">
     <span class='ocr_line' id='line_1_9' title="bbox 639 1630 2178 1716; baseline -0.003 -18"><span class='ocrx_word' id='word_1_86' title='bbox 639 1634 735 1700; x_wconf 84' lang='lat' dir='ltr'>Liber</span> <span class='ocrx_word' id='word_1_87' title='bbox 764 1632 960 1699; x_wconf 79' lang='lat' dir='ltr'>Matritensis</span> <span class='ocrx_word' id='word_1_88' title='bbox 990 1632 1105 1698; x_wconf 89' lang='lat' dir='ltr'>litteris</span> <span class='ocrx_word' id='word_1_89' title='bbox 1135 1631 1342 1716; x_wconf 86' lang='lat' dir='ltr'>Visigothicis</span> <span class='ocrx_word' id='word_1_90' title='bbox 1371 1631 1593 1716; x_wconf 79' lang='lat' dir='ltr'>pulcherrimis</span> <span class='ocrx_word' id='word_1_91' title='bbox 1622 1638 1751 1714; x_wconf 90' lang='lat' dir='ltr'>tamque</span> <span class='ocrx_word' id='word_1_92' title='bbox 1780 1630 1959 1715; x_wconf 81' lang='lat' dir='ltr'>perspicuis</span> <span class='ocrx_word' id='word_1_93' title='bbox 1987 1630 2091 1714; x_wconf 85' lang='lat' dir='ltr'>pictus</span> <span class='ocrx_word' id='word_1_94' title='bbox 2119 1637 2178 1711; x_wconf 89' lang='lat' dir='ltr'>est,</span> 
     </span>
     <span class='ocr_line' id='line_1_10' title="bbox 552 1748 2182 1837; baseline -0.003 -18"><span class='ocrx_word' id='word_1_95' title='bbox 552 1762 595 1833; x_wconf 90' lang='lat' dir='ltr'>ut,</span> <span class='ocrx_word' id='word_1_96' title='bbox 621 1752 700 1837; x_wconf 91' lang='lat' dir='ltr'>quid</span> <span class='ocrx_word' id='word_1_97' title='bbox 722 1753 873 1818; x_wconf 83' lang='lat' dir='ltr'>librarius</span> <span class='ocrx_word' id='word_1_98' title='bbox 895 1751 1069 1836; x_wconf 81' lang='lat' dir='ltr'>scripserit,</span> <span class='ocrx_word' id='word_1_99' title='bbox 1095 1751 1236 1818; x_wconf 86' lang='lat' dir='ltr'>dubitari</span> <span class='ocrx_word' id='word_1_100' title='bbox 1257 1770 1416 1834; x_wconf 84' lang='lat' dir='ltr'>nusquam</span> <span class='ocrx_word' id='word_1_101' title='bbox 1439 1751 1542 1837; x_wconf 89' lang='lat' dir='ltr'>possit</span> <span class='ocrx_word' id='word_1_102' title='bbox 1563 1751 1626 1816; x_wconf 91' lang='lat' dir='ltr'>nisi</span> <span class='ocrx_word' id='word_1_103' title='bbox 1649 1751 1728 1816; x_wconf 89' lang='lat' dir='ltr'>locis</span> <span class='ocrx_word' id='word_1_104' title='bbox 1748 1750 1801 1831; x_wconf 85' lang='lat' dir='ltr'>iis,</span> <span class='ocrx_word' id='word_1_105' title='bbox 1831 1750 1885 1831; x_wconf 93' lang='lat' dir='ltr'>qui</span> <span class='ocrx_word' id='word_1_106' title='bbox 1908 1750 1950 1815; x_wconf 90' lang='lat' dir='ltr'>ab</span> <span class='ocrx_word' id='word_1_107' title='bbox 1973 1748 2047 1813; x_wconf 88' lang='lat' dir='ltr'>aliis</span> <span class='ocrx_word' id='word_1_108' title='bbox 2069 1757 2182 1833; x_wconf 89' lang='lat' dir='ltr'>postea</span> 
     </span>
     <span class='ocr_line' id='line_1_11' title="bbox 550 1868 2182 1953; baseline -0.002 -15"><span class='ocrx_word' id='word_1_109' title='bbox 550 1873 710 1939; x_wconf 87' lang='lat' dir='ltr'>immutati</span> <span class='ocrx_word' id='word_1_110' title='bbox 732 1880 815 1938; x_wconf 88' lang='lat' dir='ltr'>sunt.</span> <span class='ocrx_word' id='word_1_111' title='bbox 864 1873 979 1937; x_wconf 91' lang='lat' dir='ltr'>Manus</span> <span class='ocrx_word' id='word_1_112' title='bbox 1002 1871 1088 1937; x_wconf 86' lang='lat' dir='ltr'>enirn</span> <span class='ocrx_word' id='word_1_113' title='bbox 1111 1873 1304 1938; x_wconf 82' lang='lat' dir='ltr'>recentiores</span> <span class='ocrx_word' id='word_1_114' title='bbox 1326 1879 1391 1938; x_wconf 89' lang='lat' dir='ltr'>tres</span> <span class='ocrx_word' id='word_1_115' title='bbox 1414 1872 1446 1937; x_wconf 95' lang='lat' dir='ltr'>in</span> <span class='ocrx_word' id='word_1_116' title='bbox 1469 1871 1579 1937; x_wconf 88' lang='lat' dir='ltr'>codice</span> <span class='ocrx_word' id='word_1_117' title='bbox 1599 1870 1822 1949; x_wconf 78' lang='lat' dir='ltr'>inveniuntur,</span> <span class='ocrx_word' id='word_1_118' title='bbox 1853 1888 1937 1953; x_wconf 87' lang='lat' dir='ltr'>quae</span> <span class='ocrx_word' id='word_1_119' title='bbox 1967 1868 2120 1934; x_wconf 79' lang='lat' dir='ltr'>facillime</span> <span class='ocrx_word' id='word_1_120' title='bbox 2149 1876 2182 1934; x_wconf 89' lang='lat' dir='ltr'>et</span> 
     </span>
     <span class='ocr_line' id='line_1_12' title="bbox 551 1988 2181 2076; baseline -0.002 -18"><span class='ocrx_word' id='word_1_121' title='bbox 551 1993 635 2059; x_wconf 88' lang='lat' dir='ltr'>inter</span> <span class='ocrx_word' id='word_1_122' title='bbox 657 2011 692 2058; x_wconf 92' lang='lat' dir='ltr'>se</span> <span class='ocrx_word' id='word_1_123' title='bbox 714 1999 747 2058; x_wconf 84' lang='lat' dir='ltr'>et</span> <span class='ocrx_word' id='word_1_124' title='bbox 768 2012 788 2057; x_wconf 88' lang='lat' dir='ltr'>a</span> <span class='ocrx_word' id='word_1_125' title='bbox 810 1990 914 2076; x_wconf 86' lang='lat' dir='ltr'>prima</span> <span class='ocrx_word' id='word_1_126' title='bbox 936 2010 1033 2056; x_wconf 87' lang='lat' dir='ltr'>manu</span> <span class='ocrx_word' id='word_1_127' title='bbox 1056 1991 1290 2057; x_wconf 89' lang='lat' dir='ltr'>discernuntur.</span> <span class='ocrx_word' id='word_1_128' title='bbox 1339 1992 1385 2058; x_wconf 83' lang='lat' dir='ltr'>Ao</span> <span class='ocrx_word' id='word_1_129' title='bbox 1408 1992 1449 2057; x_wconf 91' lang='lat' dir='ltr'>de</span> <span class='ocrx_word' id='word_1_130' title='bbox 1471 1991 1566 2057; x_wconf 88' lang='lat' dir='ltr'>tertia</span> <span class='ocrx_word' id='word_1_131' title='bbox 1587 1990 1717 2073; x_wconf 89' lang='lat' dir='ltr'>quidem</span> <span class='ocrx_word' id='word_1_132' title='bbox 1740 1997 1773 2057; x_wconf 92' lang='lat' dir='ltr'>et</span> <span class='ocrx_word' id='word_1_133' title='bbox 1798 1996 1925 2072; x_wconf 85' lang='lat' dir='ltr'>quarta,</span> <span class='ocrx_word' id='word_1_134' title='bbox 1959 1988 2076 2071; x_wconf 87' lang='lat' dir='ltr'>quihus</span> <span class='ocrx_word' id='word_1_135' title='bbox 2105 2010 2181 2054; x_wconf 91' lang='lat' dir='ltr'>con-</span> 
     </span>
     <span class='ocr_line' id='line_1_13' title="bbox 552 2109 2182 2198; baseline -0.003 -20"><span class='ocrx_word' id='word_1_136' title='bbox 552 2113 693 2178; x_wconf 86' lang='lat' dir='ltr'>iecturae</span> <span class='ocrx_word' id='word_1_137' title='bbox 716 2111 828 2198; x_wconf 87' lang='lat' dir='ltr'>paucis</span> <span class='ocrx_word' id='word_1_138' title='bbox 850 2110 969 2176; x_wconf 89' lang='lat' dir='ltr'>codicis</span> <span class='ocrx_word' id='word_1_139' title='bbox 992 2112 1070 2177; x_wconf 88' lang='lat' dir='ltr'>locis</span> <span class='ocrx_word' id='word_1_140' title='bbox 1092 2111 1224 2178; x_wconf 88' lang='lat' dir='ltr'>additae</span> <span class='ocrx_word' id='word_1_141' title='bbox 1247 2119 1338 2196; x_wconf 89' lang='lat' dir='ltr'>sunt,</span> <span class='ocrx_word' id='word_1_142' title='bbox 1368 2112 1469 2177; x_wconf 86' lang='lat' dir='ltr'>uerba</span> <span class='ocrx_word' id='word_1_143' title='bbox 1491 2111 1597 2176; x_wconf 85' lang='lat' dir='ltr'>facere</span> <span class='ocrx_word' id='word_1_144' title='bbox 1620 2110 1707 2176; x_wconf 87' lang='lat' dir='ltr'>haud</span> <span class='ocrx_word' id='word_1_145' title='bbox 1728 2129 1845 2194; x_wconf 89' lang='lat' dir='ltr'>operae</span> <span class='ocrx_word' id='word_1_146' title='bbox 1866 2109 2003 2194; x_wconf 89' lang='lat' dir='ltr'>pretium</span> <span class='ocrx_word' id='word_1_147' title='bbox 2024 2116 2085 2176; x_wconf 88' lang='lat' dir='ltr'>est.</span> <span class='ocrx_word' id='word_1_148' title='bbox 2132 2110 2182 2174; x_wconf 91' lang='lat' dir='ltr'>De</span> 
     </span>
     <span class='ocr_line' id='line_1_14' title="bbox 552 2230 2176 2318; baseline -0.001 -21"><span class='ocrx_word' id='word_1_149' title='bbox 552 2233 711 2315; x_wconf 88' lang='lat' dir='ltr'>secunda,</span> <span class='ocrx_word' id='word_1_150' title='bbox 748 2251 832 2316; x_wconf 89' lang='lat' dir='ltr'>quae</span> <span class='ocrx_word' id='word_1_151' title='bbox 859 2230 1032 2297; x_wconf 87' lang='lat' dir='ltr'>violentius</span> <span class='ocrx_word' id='word_1_152' title='bbox 1060 2240 1209 2315; x_wconf 84' lang='lat' dir='ltr'>grassata</span> <span class='ocrx_word' id='word_1_153' title='bbox 1237 2233 1428 2318; x_wconf 84' lang='lat' dir='ltr'>saepissime</span> <span class='ocrx_word' id='word_1_154' title='bbox 1458 2251 1513 2311; x_wconf 85' lang='lat' dir='ltr'>ea,</span> <span class='ocrx_word' id='word_1_155' title='bbox 1550 2250 1635 2313; x_wconf 91' lang='lat' dir='ltr'>quae</span> <span class='ocrx_word' id='word_1_156' title='bbox 1666 2231 1771 2315; x_wconf 86' lang='lat' dir='ltr'>prima</span> <span class='ocrx_word' id='word_1_157' title='bbox 1802 2250 1899 2295; x_wconf 87' lang='lat' dir='ltr'>manu</span> <span class='ocrx_word' id='word_1_158' title='bbox 1930 2230 2049 2314; x_wconf 88' lang='lat' dir='ltr'>scripta</span> <span class='ocrx_word' id='word_1_159' title='bbox 2077 2238 2176 2311; x_wconf 88' lang='lat' dir='ltr'>crant,</span> 
     </span>
     <span class='ocr_line' id='line_1_15' title="bbox 552 2338 2182 2435; baseline -0.002 -16"><span class='ocrx_word' id='word_1_160' title='bbox 552 2353 645 2419; x_wconf 89' lang='lat' dir='ltr'>modo</span> <span class='ocrx_word' id='word_1_161' title='bbox 667 2352 774 2418; x_wconf 82' lang='lat' dir='ltr'>verbis</span> <span class='ocrx_word' id='word_1_162' title='bbox 796 2338 916 2417; x_wconf 86' lang='lat' dir='ltr'>additis</span> <span class='ocrx_word' id='word_1_163' title='bbox 939 2351 1120 2435; x_wconf 85' lang='lat' dir='ltr'>complevit,</span> <span class='ocrx_word' id='word_1_164' title='bbox 1145 2352 1240 2417; x_wconf 88' lang='lat' dir='ltr'>modo</span> <span class='ocrx_word' id='word_1_165' title='bbox 1261 2350 1456 2431; x_wconf 85' lang='lat' dir='ltr'>immutavit,</span> <span class='ocrx_word' id='word_1_166' title='bbox 1482 2350 1576 2416; x_wconf 89' lang='lat' dir='ltr'>modo</span> <span class='ocrx_word' id='word_1_167' title='bbox 1599 2350 1698 2416; x_wconf 87' lang='lat' dir='ltr'>erasit</span> <span class='ocrx_word' id='word_1_168' title='bbox 1719 2368 1877 2434; x_wconf 85' lang='lat' dir='ltr'>erasaque</span> <span class='ocrx_word' id='word_1_169' title='bbox 1899 2349 2078 2433; x_wconf 83' lang='lat' dir='ltr'>rescripsit,</span> <span class='ocrx_word' id='word_1_170' title='bbox 2104 2349 2182 2433; x_wconf 91' lang='lat' dir='ltr'>qnid</span> 
     </span>
     <span class='ocr_line' id='line_1_16' title="bbox 551 2472 1059 2556; baseline -0.004 -18"><span class='ocrx_word' id='word_1_171' title='bbox 551 2473 702 2556; x_wconf 87' lang='lat' dir='ltr'>iudicem,</span> <span class='ocrx_word' id='word_1_172' title='bbox 727 2472 868 2539; x_wconf 88' lang='lat' dir='ltr'>breviter</span> <span class='ocrx_word' id='word_1_173' title='bbox 889 2486 1059 2556; x_wconf 83' lang='lat' dir='ltr'>exponam.</span> 
     </span>
    </p>

    <p class='ocr_par' dir='ltr' id='par_1_6' title="bbox 551 2588 2183 3156">
     <span class='ocr_line' id='line_1_17' title="bbox 639 2588 2183 2676; baseline -0.003 -17"><span class='ocrx_word' id='word_1_174' title='bbox 639 2593 732 2659; x_wconf 88' lang='lat' dir='ltr'>Locis</span> <span class='ocrx_word' id='word_1_175' title='bbox 755 2591 935 2676; x_wconf 89' lang='lat' dir='ltr'>plerisque,</span> <span class='ocrx_word' id='word_1_176' title='bbox 969 2610 1048 2675; x_wconf 90' lang='lat' dir='ltr'>quos</span> <span class='ocrx_word' id='word_1_177' title='bbox 1070 2590 1194 2675; x_wconf 88' lang='lat' dir='ltr'>tetigit,</span> <span class='ocrx_word' id='word_1_178' title='bbox 1228 2590 1401 2658; x_wconf 85' lang='lat' dir='ltr'>secundam</span> <span class='ocrx_word' id='word_1_179' title='bbox 1424 2610 1553 2657; x_wconf 88' lang='lat' dir='ltr'>manum</span> <span class='ocrx_word' id='word_1_180' title='bbox 1576 2608 1685 2656; x_wconf 89' lang='lat' dir='ltr'>veram</span> <span class='ocrx_word' id='word_1_181' title='bbox 1707 2589 1880 2656; x_wconf 86' lang='lat' dir='ltr'>medellam</span> <span class='ocrx_word' id='word_1_182' title='bbox 1910 2588 2058 2654; x_wconf 77' lang='lat' dir='ltr'>abuhsse</span> <span class='ocrx_word' id='word_1_183' title='bbox 2083 2589 2183 2655; x_wconf 87' lang='lat' dir='ltr'>vesti-</span> 
     </span>
     <span class='ocr_line' id='line_1_18' title="bbox 553 2710 2179 2797; baseline -0.001 -21"><span class='ocrx_word' id='word_1_184' title='bbox 553 2713 618 2797; x_wconf 86' lang='lat' dir='ltr'>giis</span> <span class='ocrx_word' id='word_1_185' title='bbox 641 2711 710 2778; x_wconf 87' lang='lat' dir='ltr'>eius</span> <span class='ocrx_word' id='word_1_186' title='bbox 732 2711 935 2797; x_wconf 87' lang='lat' dir='ltr'>perlustratis</span> <span class='ocrx_word' id='word_1_187' title='bbox 957 2730 1050 2776; x_wconf 89' lang='lat' dir='ltr'>nemo</span> <span class='ocrx_word' id='word_1_188' title='bbox 1072 2711 1269 2777; x_wconf 79' lang='lat' dir='ltr'>initiabitur.</span> <span class='ocrx_word' id='word_1_189' title='bbox 1317 2711 1458 2789; x_wconf 82' lang='lat' dir='ltr'>Quarum</span> <span class='ocrx_word' id='word_1_190' title='bbox 1488 2710 1746 2776; x_wconf 82' lang='lat' dir='ltr'>emendationum</span> <span class='ocrx_word' id='word_1_191' title='bbox 1776 2711 1810 2774; x_wconf 92' lang='lat' dir='ltr'>in</span> <span class='ocrx_word' id='word_1_192' title='bbox 1832 2729 1966 2775; x_wconf 89' lang='lat' dir='ltr'>numero</span> <span class='ocrx_word' id='word_1_193' title='bbox 1987 2726 2179 2793; x_wconf 87' lang='lat' dir='ltr'>quamquam</span> 
     </span>
     <span class='ocr_line' id='line_1_19' title="bbox 553 2829 2177 2916; baseline -0.002 -18"><span class='ocrx_word' id='word_1_194' title='bbox 553 2832 730 2916; x_wconf 88' lang='lat' dir='ltr'>permultae</span> <span class='ocrx_word' id='word_1_195' title='bbox 759 2832 884 2912; x_wconf 90' lang='lat' dir='ltr'>insunt,</span> <span class='ocrx_word' id='word_1_196' title='bbox 917 2851 997 2914; x_wconf 88' lang='lat' dir='ltr'>quas</span> <span class='ocrx_word' id='word_1_197' title='bbox 1024 2831 1155 2916; x_wconf 85' lang='lat' dir='ltr'>linguae</span> <span class='ocrx_word' id='word_1_198' title='bbox 1178 2830 1313 2897; x_wconf 87' lang='lat' dir='ltr'>Latinae</span> <span class='ocrx_word' id='word_1_199' title='bbox 1335 2850 1456 2914; x_wconf 87' lang='lat' dir='ltr'>gnarus</span> <span class='ocrx_word' id='word_1_200' title='bbox 1478 2830 1583 2913; x_wconf 90' lang='lat' dir='ltr'>quivis</span> <span class='ocrx_word' id='word_1_201' title='bbox 1606 2831 1788 2914; x_wconf 84' lang='lat' dir='ltr'>excogitare</span> <span class='ocrx_word' id='word_1_202' title='bbox 1810 2829 1930 2914; x_wconf 92' lang='lat' dir='ltr'>potuit,</span> <span class='ocrx_word' id='word_1_203' title='bbox 1963 2836 2038 2894; x_wconf 87' lang='lat' dir='ltr'>sunt</span> <span class='ocrx_word' id='word_1_204' title='bbox 2059 2837 2177 2910; x_wconf 73' lang='lat' dir='ltr'>minen,</span> 
     </span>
     <span class='ocr_line' id='line_1_20' title="bbox 552 2950 2178 3044; baseline -0.002 -28"><span class='ocrx_word' id='word_1_205' title='bbox 552 2970 633 3035; x_wconf 87' lang='lat' dir='ltr'>quas</span> <span class='ocrx_word' id='word_1_206' title='bbox 660 2971 702 3017; x_wconf 89' lang='lat' dir='ltr'>ne</span> <span class='ocrx_word' id='word_1_207' title='bbox 731 2951 841 3035; x_wconf 81' lang='lat' dir='ltr'>sagaci</span> <span class='ocrx_word' id='word_1_208' title='bbox 867 2951 997 3035; x_wconf 89' lang='lat' dir='ltr'>quidem</span> <span class='ocrx_word' id='word_1_209' title='bbox 1019 2950 1149 3036; x_wconf 86' lang='lat' dir='ltr'>ingenio</span> <span class='ocrx_word' id='word_1_210' title='bbox 1171 2952 1337 3037; x_wconf 88' lang='lat' dir='ltr'>praeditus</span> <span class='ocrx_word' id='word_1_211' title='bbox 1359 2951 1495 3018; x_wconf 88' lang='lat' dir='ltr'>clericus</span> <span class='ocrx_word' id='word_1_212' title='bbox 1516 2950 1734 3044; x_wconf 83' lang='lat' dir='ltr'>monachusve</span> <span class='ocrx_word' id='word_1_213' title='bbox 1756 2950 1842 3016; x_wconf 91' lang='lat' dir='ltr'>ullus</span> <span class='ocrx_word' id='word_1_214' title='bbox 1864 2951 2009 3016; x_wconf 72' lang='lat' dir='ltr'>avenne</span> <span class='ocrx_word' id='word_1_215' title='bbox 2030 2950 2178 3015; x_wconf 89' lang='lat' dir='ltr'>valuerit.</span> 
     </span>
     <span class='ocr_line' id='line_1_21' title="bbox 551 3072 958 3156; baseline -0.002 -20"><span class='ocrx_word' id='word_1_216' title='bbox 551 3072 710 3156; x_wconf 80' lang='lat' dir='ltr'>Exempla</span> <span class='ocrx_word' id='word_1_217' title='bbox 731 3090 836 3155; x_wconf 89' lang='lat' dir='ltr'>pauca</span> <span class='ocrx_word' id='word_1_218' title='bbox 857 3072 958 3156; x_wconf 88' lang='lat' dir='ltr'>eligo:</span> 
     </span>
    </p>
   </div>
   <div class='ocr_carea' id='block_1_5' title="bbox 553 3196 2184 5284">
    <p class='ocr_par' dir='ltr' id='par_1_7' title="bbox 553 3196 2184 5284">
     <span class='ocr_line' id='line_1_22' title="bbox 889 3196 1707 3258; baseline 0 -3"><span class='ocrx_word' id='word_1_219' title='bbox 889 3197 903 3255; x_wconf 81' lang='lat' dir='ltr'>t</span> <span class='ocrx_word' id='word_1_220' title='bbox 929 3212 971 3255; x_wconf 84' lang='lat' dir='ltr'>m.</span> <span class='ocrx_word' id='word_1_221' title='bbox 1623 3196 1707 3258; x_wconf 80' lang='lat' dir='ltr'>2m.</span> 
     </span>
     <span class='ocr_line' id='line_1_23' title="bbox 725 3294 1720 3360; baseline 0 -1"><span class='ocrx_word' id='word_1_222' title='bbox 725 3295 758 3359; x_wconf 90' lang='lat' dir='ltr'>II</span> <span class='ocrx_word' id='word_1_223' title='bbox 783 3298 843 3360; x_wconf 83' lang='lat'>136</span> <span class='ocrx_word' id='word_1_224' title='bbox 866 3294 1002 3360; x_wconf 88' lang='lat' dir='ltr'>audiunt</span> <span class='ocrx_word' id='word_1_225' title='bbox 1561 3294 1666 3360; x_wconf 82' lang='lat' dir='ltr'>audiit</span> <span class='ocrx_word' id='word_1_226' title='bbox 1687 3300 1720 3360; x_wconf 90' lang='lat' dir='ltr'>et</span> 
     </span>
     <span class='ocr_line' id='line_1_24' title="bbox 782 3398 1721 3482; baseline 0.001 -21"><span class='ocrx_word' id='word_1_227' title='bbox 782 3400 844 3462; x_wconf 84' lang='lat'>382</span> <span class='ocrx_word' id='word_1_228' title='bbox 867 3404 959 3482; x_wconf 85' lang='lat' dir='ltr'>pater</span> <span class='ocrx_word' id='word_1_229' title='bbox 979 3399 1030 3463; x_wconf 88' lang='lat' dir='ltr'>cui</span> <span class='ocrx_word' id='word_1_230' title='bbox 1562 3398 1644 3482; x_wconf 89' lang='lat' dir='ltr'>patri</span> <span class='ocrx_word' id='word_1_231' title='bbox 1667 3398 1721 3481; x_wconf 92' lang='lat' dir='ltr'>qui</span> 
     </span>
     <span class='ocr_line' id='line_1_25' title="bbox 708 3500 1755 3567; baseline 0.002 -2"><span class='ocrx_word' id='word_1_232' title='bbox 708 3500 757 3565; x_wconf 90' lang='lat' dir='ltr'>HI</span> <span class='ocrx_word' id='word_1_233' title='bbox 801 3504 842 3563; x_wconf 93' lang='grc'>22</span> <span class='ocrx_word' id='word_1_234' title='bbox 865 3506 937 3566; x_wconf 88' lang='lat' dir='ltr'>tura</span> <span class='ocrx_word' id='word_1_235' title='bbox 958 3502 1041 3567; x_wconf 89' lang='lat' dir='ltr'>ahea</span> <span class='ocrx_word' id='word_1_236' title='bbox 1560 3508 1632 3566; x_wconf 88' lang='lat' dir='ltr'>tura</span> <span class='ocrx_word' id='word_1_237' title='bbox 1655 3501 1755 3567; x_wconf 89' lang='lat' dir='ltr'>sabea</span> 
     </span>
     <span class='ocr_line' id='line_1_26' title="bbox 803 3606 1774 3689; baseline 0.003 -22"><span class='ocrx_word' id='word_1_238' title='bbox 803 3606 843 3668; x_wconf 85' lang='lat'>88</span> <span class='ocrx_word' id='word_1_239' title='bbox 866 3624 962 3686; x_wconf 90' lang='lat' dir='ltr'>quern</span> <span class='ocrx_word' id='word_1_240' title='bbox 984 3612 1076 3688; x_wconf 86' lang='lat' dir='ltr'>repta</span> <span class='ocrx_word' id='word_1_241' title='bbox 1561 3624 1623 3688; x_wconf 91' lang='lat' dir='ltr'>que</span> <span class='ocrx_word' id='word_1_242' title='bbox 1646 3612 1774 3689; x_wconf 88' lang='lat' dir='ltr'>sarepta</span> 
     </span>
     <span class='ocr_line' id='line_1_27' title="bbox 784 3704 1704 3772; baseline 0.002 -2"><span class='ocrx_word' id='word_1_243' title='bbox 784 3708 844 3771; x_wconf 78' lang='lat'>183</span> <span class='ocrx_word' id='word_1_244' title='bbox 868 3704 1011 3772; x_wconf 89' lang='lat' dir='ltr'>muneris</span> <span class='ocrx_word' id='word_1_245' title='bbox 1560 3704 1704 3772; x_wconf 82' lang='lat' dir='ltr'>numeris</span> 
     </span>
     <span class='ocr_line' id='line_1_28' title="bbox 782 3812 1639 3875; baseline 0.002 -2"><span class='ocrx_word' id='word_1_246' title='bbox 782 3812 845 3874; x_wconf 86' lang='grc'>202</span> <span class='ocrx_word' id='word_1_247' title='bbox 868 3830 948 3875; x_wconf 91' lang='lat' dir='ltr'>aura</span> <span class='ocrx_word' id='word_1_248' title='bbox 1562 3818 1639 3875; x_wconf 74' lang='lat' dir='ltr'>abra</span> 
     </span>
     <span class='ocr_line' id='line_1_29' title="bbox 783 3913 1668 3979; baseline 0.002 -4"><span class='ocrx_word' id='word_1_249' title='bbox 783 3914 845 3976; x_wconf 84' lang='grc'>280</span> <span class='ocrx_word' id='word_1_250' title='bbox 868 3920 984 3979; x_wconf 88' lang='lat' dir='ltr'>cuncta</span> <span class='ocrx_word' id='word_1_251' title='bbox 1563 3913 1668 3978; x_wconf 89' lang='lat' dir='ltr'>cincta</span> 
     </span>
     <span class='ocr_line' id='line_1_30' title="bbox 783 3987 1675 4100; baseline 0.001 -21"><span class='ocrx_word' id='word_1_252' title='bbox 783 4018 845 4080; x_wconf 83' lang='grc'>357</span> <span class='ocrx_word' id='word_1_253' title='bbox 868 4015 969 4099; x_wconf 88' lang='lat' dir='ltr'>geniti</span> <span class='ocrx_word' id='word_1_254' title='bbox 1387 3987 1403 4016; x_wconf 72' lang='lat'><em>⁰</em></span> <span class='ocrx_word' id='word_1_255' title='bbox 1561 4023 1675 4100; x_wconf 82' lang='lat' dir='ltr'>gentes</span> 
     </span>
     <span class='ocr_line' id='line_1_31' title="bbox 783 4114 1654 4186; baseline 0 -3"><span class='ocrx_word' id='word_1_256' title='bbox 783 4122 842 4183; x_wconf 87' lang='grc'>371</span> <span class='ocrx_word' id='word_1_257' title='bbox 870 4114 1007 4185; x_wconf 89' lang='lat' dir='ltr'>dominis</span> <span class='ocrx_word' id='word_1_258' title='bbox 1561 4118 1654 4186; x_wconf 89' lang='lat' dir='ltr'>donis</span> 
     </span>
     <span class='ocr_line' id='line_1_32' title="bbox 639 4238 2182 4323; baseline -0.001 -18"><span class='ocrx_word' id='word_1_259' title='bbox 639 4240 739 4306; x_wconf 91' lang='lat' dir='ltr'>Locos</span> <span class='ocrx_word' id='word_1_260' title='bbox 767 4240 851 4306; x_wconf 90' lang='lat' dir='ltr'>tales</span> <span class='ocrx_word' id='word_1_261' title='bbox 882 4239 1000 4305; x_wconf 88' lang='lat' dir='ltr'>codicis</span> <span class='ocrx_word' id='word_1_262' title='bbox 1029 4259 1091 4323; x_wconf 92' lang='lat' dir='ltr'>ope</span> <span class='ocrx_word' id='word_1_263' title='bbox 1121 4244 1278 4304; x_wconf 88' lang='lat' dir='ltr'>correctos</span> <span class='ocrx_word' id='word_1_264' title='bbox 1307 4256 1380 4304; x_wconf 88' lang='lat' dir='ltr'>esse</span> <span class='ocrx_word' id='word_1_265' title='bbox 1410 4258 1530 4323; x_wconf 83' lang='lat' dir='ltr'>negare</span> <span class='ocrx_word' id='word_1_266' title='bbox 1557 4259 1619 4305; x_wconf 91' lang='lat' dir='ltr'>non</span> <span class='ocrx_word' id='word_1_267' title='bbox 1642 4257 1740 4304; x_wconf 87' lang='lat' dir='ltr'>ausus</span> <span class='ocrx_word' id='word_1_268' title='bbox 1762 4247 1818 4304; x_wconf 88' lang='lat' dir='ltr'>aut</span> <span class='ocrx_word' id='word_1_269' title='bbox 1840 4239 1923 4304; x_wconf 93' lang='lat' dir='ltr'>libro</span> <span class='ocrx_word' id='word_1_270' title='bbox 1945 4259 2041 4305; x_wconf 89' lang='lat' dir='ltr'>manu</span> <span class='ocrx_word' id='word_1_271' title='bbox 2065 4238 2182 4323; x_wconf 89' lang='lat' dir='ltr'>scripto</span> 
     </span>
     <span class='ocr_line' id='line_1_33' title="bbox 555 4357 2181 4445; baseline -0.002 -20"><span class='ocrx_word' id='word_1_272' title='bbox 555 4358 685 4439; x_wconf 89' lang='lat' dir='ltr'>eodem,</span> <span class='ocrx_word' id='word_1_273' title='bbox 720 4380 822 4443; x_wconf 88' lang='lat' dir='ltr'>equo</span> <span class='ocrx_word' id='word_1_274' title='bbox 844 4359 1042 4425; x_wconf 87' lang='lat' dir='ltr'>Matritensis</span> <span class='ocrx_word' id='word_1_275' title='bbox 1072 4366 1156 4425; x_wconf 90' lang='lat' dir='ltr'>totus</span> <span class='ocrx_word' id='word_1_276' title='bbox 1187 4357 1366 4442; x_wconf 88' lang='lat' dir='ltr'>descriptus</span> <span class='ocrx_word' id='word_1_277' title='bbox 1395 4366 1461 4438; x_wconf 89' lang='lat' dir='ltr'>est,</span> <span class='ocrx_word' id='word_1_278' title='bbox 1494 4366 1550 4424; x_wconf 90' lang='lat' dir='ltr'>aut</span> <span class='ocrx_word' id='word_1_279' title='bbox 1579 4360 1766 4445; x_wconf 86' lang='lat' dir='ltr'>apographo</span> <span class='ocrx_word' id='word_1_280' title='bbox 1796 4359 1866 4424; x_wconf 90' lang='lat' dir='ltr'>eius</span> <span class='ocrx_word' id='word_1_281' title='bbox 1887 4358 1953 4424; x_wconf 91' lang='lat' dir='ltr'>alio</span> <span class='ocrx_word' id='word_1_282' title='bbox 1976 4366 2181 4424; x_wconf 83' lang='lat' dir='ltr'>correctorem</span> 
     </span>
     <span class='ocr_line' id='line_1_34' title="bbox 554 4477 2184 4564; baseline -0.001 -20"><span class='ocrx_word' id='word_1_283' title='bbox 554 4498 648 4544; x_wconf 90' lang='lat' dir='ltr'>usum</span> <span class='ocrx_word' id='word_1_284' title='bbox 677 4498 750 4546; x_wconf 91' lang='lat' dir='ltr'>esse</span> <span class='ocrx_word' id='word_1_285' title='bbox 781 4479 934 4564; x_wconf 87' lang='lat' dir='ltr'>suspicor.</span> <span class='ocrx_word' id='word_1_286' title='bbox 982 4478 1065 4544; x_wconf 85' lang='lat' dir='ltr'>Aliis</span> <span class='ocrx_word' id='word_1_287' title='bbox 1087 4478 1173 4545; x_wconf 90' lang='lat' dir='ltr'>enim</span> <span class='ocrx_word' id='word_1_288' title='bbox 1196 4478 1390 4545; x_wconf 89' lang='lat' dir='ltr'>emendandi</span> <span class='ocrx_word' id='word_1_289' title='bbox 1412 4478 1566 4545; x_wconf 90' lang='lat' dir='ltr'>subsidiis</span> <span class='ocrx_word' id='word_1_290' title='bbox 1588 4479 1777 4545; x_wconf 88' lang='lat' dir='ltr'>instructum</span> <span class='ocrx_word' id='word_1_291' title='bbox 1800 4499 1873 4545; x_wconf 88' lang='lat' dir='ltr'>eum</span> <span class='ocrx_word' id='word_1_292' title='bbox 1895 4483 1958 4544; x_wconf 91' lang='lat' dir='ltr'>non</span> <span class='ocrx_word' id='word_1_293' title='bbox 1981 4478 2082 4544; x_wconf 85' lang='lat' dir='ltr'>fuisse</span> <span class='ocrx_word' id='word_1_294' title='bbox 2107 4477 2184 4543; x_wconf 87' lang='lat' dir='ltr'>inde</span> 
     </span>
     <span class='ocr_line' id='line_1_35' title="bbox 554 4595 2183 4683; baseline -0.002 -19"><span class='ocrx_word' id='word_1_295' title='bbox 554 4607 698 4683; x_wconf 86' lang='lat' dir='ltr'>apparet,</span> <span class='ocrx_word' id='word_1_296' title='bbox 724 4599 809 4683; x_wconf 89' lang='lat' dir='ltr'>quod</span> <span class='ocrx_word' id='word_1_297' title='bbox 832 4600 964 4665; x_wconf 90' lang='lat' dir='ltr'>lacunas</span> <span class='ocrx_word' id='word_1_298' title='bbox 987 4600 1123 4665; x_wconf 90' lang='lat' dir='ltr'>maiores</span> <span class='ocrx_word' id='word_1_299' title='bbox 1146 4618 1267 4682; x_wconf 88' lang='lat' dir='ltr'>omnes,</span> <span class='ocrx_word' id='word_1_300' title='bbox 1293 4598 1432 4665; x_wconf 90' lang='lat' dir='ltr'>minores</span> <span class='ocrx_word' id='word_1_301' title='bbox 1453 4600 1572 4664; x_wconf 91' lang='lat' dir='ltr'>multas</span> <span class='ocrx_word' id='word_1_302' title='bbox 1594 4618 1715 4664; x_wconf 88' lang='lat' dir='ltr'>vacuas</span> <span class='ocrx_word' id='word_1_303' title='bbox 1737 4598 1878 4683; x_wconf 87' lang='lat' dir='ltr'>reliquit.</span> <span class='ocrx_word' id='word_1_304' title='bbox 1921 4598 1991 4663; x_wconf 88' lang='lat' dir='ltr'>Nec</span> <span class='ocrx_word' id='word_1_305' title='bbox 2012 4617 2087 4663; x_wconf 89' lang='lat' dir='ltr'>vero</span> <span class='ocrx_word' id='word_1_306' title='bbox 2109 4595 2183 4661; x_wconf 90' lang='lat' dir='ltr'>lihri</span> 
     </span>
     <span class='ocr_line' id='line_1_36' title="bbox 553 4715 2182 4803; baseline -0.002 -20"><span class='ocrx_word' id='word_1_307' title='bbox 553 4718 642 4783; x_wconf 89' lang='lat' dir='ltr'>illius</span> <span class='ocrx_word' id='word_1_308' title='bbox 657 4719 844 4803; x_wconf 86' lang='lat' dir='ltr'>antiquioris</span> <span class='ocrx_word' id='word_1_309' title='bbox 860 4720 959 4785; x_wconf 87' lang='lat' dir='ltr'>verba</span> <span class='ocrx_word' id='word_1_310' title='bbox 974 4718 1152 4784; x_wconf 87' lang='lat' dir='ltr'>restituisse</span> <span class='ocrx_word' id='word_1_311' title='bbox 1167 4724 1323 4785; x_wconf 90' lang='lat' dir='ltr'>corrector</span> <span class='ocrx_word' id='word_1_312' title='bbox 1338 4719 1417 4784; x_wconf 88' lang='lat' dir='ltr'>satis</span> <span class='ocrx_word' id='word_1_313' title='bbox 1432 4716 1555 4800; x_wconf 88' lang='lat' dir='ltr'>habuit,</span> <span class='ocrx_word' id='word_1_314' title='bbox 1575 4717 1633 4784; x_wconf 86' lang='lat' dir='ltr'>sed</span> <span class='ocrx_word' id='word_1_315' title='bbox 1649 4734 1708 4784; x_wconf 92' lang='lat' dir='ltr'>sua</span> <span class='ocrx_word' id='word_1_316' title='bbox 1722 4718 1901 4785; x_wconf 76' lang='lat' dir='ltr'>cressione</span> <span class='ocrx_word' id='word_1_317' title='bbox 1917 4732 2037 4800; x_wconf 89' lang='lat' dir='ltr'>suoque</span> <span class='ocrx_word' id='word_1_318' title='bbox 2052 4715 2182 4798; x_wconf 88' lang='lat' dir='ltr'>ingenio</span> 
     </span>
     <span class='ocr_line' id='line_1_37' title="bbox 553 4832 2179 4924; baseline -0.002 -22"><span class='ocrx_word' id='word_1_319' title='bbox 553 4837 726 4921; x_wconf 86' lang='lat' dir='ltr'>genuinam</span> <span class='ocrx_word' id='word_1_320' title='bbox 749 4839 926 4904; x_wconf 87' lang='lat' dir='ltr'>carminum</span> <span class='ocrx_word' id='word_1_321' title='bbox 948 4837 1077 4924; x_wconf 79' lang='lat' dir='ltr'>Oorippi</span> <span class='ocrx_word' id='word_1_322' title='bbox 1099 4839 1234 4904; x_wconf 89' lang='lat' dir='ltr'>sormam</span> <span class='ocrx_word' id='word_1_323' title='bbox 1253 4859 1403 4904; x_wconf 89' lang='lat' dir='ltr'>revocare</span> <span class='ocrx_word' id='word_1_324' title='bbox 1419 4858 1454 4904; x_wconf 93' lang='lat' dir='ltr'>se</span> <span class='ocrx_word' id='word_1_325' title='bbox 1469 4856 1564 4924; x_wconf 87' lang='lat' dir='ltr'>posse</span> <span class='ocrx_word' id='word_1_326' title='bbox 1579 4837 1718 4903; x_wconf 88' lang='lat' dir='ltr'>confisus</span> <span class='ocrx_word' id='word_1_327' title='bbox 1733 4858 1796 4903; x_wconf 93' lang='lat' dir='ltr'>non</span> <span class='ocrx_word' id='word_1_328' title='bbox 1811 4832 1905 4902; x_wconf 89' lang='lat' dir='ltr'>modo</span> <span class='ocrx_word' id='word_1_329' title='bbox 1921 4834 2179 4920; x_wconf 87' lang='lat' dir='ltr'>orthographiam</span> 
     </span>
     <span class='ocr_line' id='line_1_38' title="bbox 553 4955 2180 5041; baseline -0.002 -18"><span class='ocrx_word' id='word_1_330' title='bbox 553 4957 672 5023; x_wconf 89' lang='lat' dir='ltr'>codicis</span> <span class='ocrx_word' id='word_1_331' title='bbox 694 4958 746 5025; x_wconf 89' lang='lat' dir='ltr'>hio</span> <span class='ocrx_word' id='word_1_332' title='bbox 767 4958 836 5025; x_wconf 93' lang='lat' dir='ltr'>illic</span> <span class='ocrx_word' id='word_1_333' title='bbox 857 4959 1054 5041; x_wconf 88' lang='lat' dir='ltr'>immutavit,</span> <span class='ocrx_word' id='word_1_334' title='bbox 1080 4958 1140 5025; x_wconf 91' lang='lat' dir='ltr'>sed</span> <span class='ocrx_word' id='word_1_335' title='bbox 1161 4978 1274 5026; x_wconf 81' lang='lat' dir='ltr'>versus</span> <span class='ocrx_word' id='word_1_336' title='bbox 1296 4960 1431 5039; x_wconf 88' lang='lat' dir='ltr'>multos,</span> <span class='ocrx_word' id='word_1_337' title='bbox 1460 4977 1542 5041; x_wconf 91' lang='lat' dir='ltr'>quos</span> <span class='ocrx_word' id='word_1_338' title='bbox 1564 4958 1693 5023; x_wconf 86' lang='lat' dir='ltr'>mutilos</span> <span class='ocrx_word' id='word_1_339' title='bbox 1715 4957 1899 5037; x_wconf 76' lang='lat' dir='ltr'>inuenerat,</span> <span class='ocrx_word' id='word_1_340' title='bbox 1927 4955 2027 5021; x_wconf 90' lang='lat' dir='ltr'>libero</span> <span class='ocrx_word' id='word_1_341' title='bbox 2049 4955 2180 5022; x_wconf 85' lang='lat' dir='ltr'>arbitrio</span> 
     </span>
     <span class='ocr_line' id='line_1_39' title="bbox 554 5075 2182 5163; baseline -0.002 -19"><span class='ocrx_word' id='word_1_342' title='bbox 554 5078 706 5163; x_wconf 84' lang='lat' dir='ltr'>explevit,</span> <span class='ocrx_word' id='word_1_343' title='bbox 725 5078 817 5162; x_wconf 88' lang='lat' dir='ltr'>alios,</span> <span class='ocrx_word' id='word_1_344' title='bbox 835 5097 915 5163; x_wconf 89' lang='lat' dir='ltr'>quos</span> <span class='ocrx_word' id='word_1_345' title='bbox 931 5087 1097 5163; x_wconf 88' lang='lat' dir='ltr'>conuptos</span> <span class='ocrx_word' id='word_1_346' title='bbox 1111 5077 1276 5162; x_wconf 87' lang='lat' dir='ltr'>iudicavit,</span> <span class='ocrx_word' id='word_1_347' title='bbox 1302 5079 1484 5145; x_wconf 89' lang='lat' dir='ltr'>coniectura</span> <span class='ocrx_word' id='word_1_348' title='bbox 1499 5078 1636 5144; x_wconf 82' lang='lat' dir='ltr'>refinxit.</span> <span class='ocrx_word' id='word_1_349' title='bbox 1679 5077 1760 5142; x_wconf 85' lang='lat' dir='ltr'>Sunt</span> <span class='ocrx_word' id='word_1_350' title='bbox 1775 5076 1846 5157; x_wconf 90' lang='lat' dir='ltr'>loci,</span> <span class='ocrx_word' id='word_1_351' title='bbox 1873 5075 1989 5160; x_wconf 91' lang='lat' dir='ltr'>quibus</span> <span class='ocrx_word' id='word_1_352' title='bbox 2004 5081 2182 5141; x_wconf 87' lang='lat' dir='ltr'>commenta</span> 
     </span>
     <span class='ocr_line' id='line_1_40' title="bbox 553 5195 2063 5284; baseline -0.003 -20"><span class='ocrx_word' id='word_1_353' title='bbox 553 5198 623 5264; x_wconf 89' lang='lat' dir='ltr'>eius</span> <span class='ocrx_word' id='word_1_354' title='bbox 645 5198 802 5266; x_wconf 85' lang='lat' dir='ltr'>facillime</span> <span class='ocrx_word' id='word_1_355' title='bbox 823 5199 1059 5284; x_wconf 87' lang='lat' dir='ltr'>perspiciantur</span> <span class='ocrx_word' id='word_1_356' title='bbox 1080 5205 1312 5283; x_wconf 87' lang='lat' dir='ltr'>perspectaque</span> <span class='ocrx_word' id='word_1_357' title='bbox 1333 5199 1550 5283; x_wconf 90' lang='lat' dir='ltr'>reprobentur.</span> <span class='ocrx_word' id='word_1_358' title='bbox 1598 5197 1759 5282; x_wconf 83' lang='lat' dir='ltr'>Exempla</span> <span class='ocrx_word' id='word_1_359' title='bbox 1781 5195 1943 5262; x_wconf 83' lang='lat' dir='ltr'>sufficiant</span> <span class='ocrx_word' id='word_1_360' title='bbox 1964 5197 2063 5261; x_wconf 87' lang='lat' dir='ltr'>haec:</span> 
     </span>
    </p>
   </div>
   <div class='ocr_carea' id='block_1_6' title="bbox 658 5319 2108 5899">
    <p class='ocr_par' dir='ltr' id='par_1_8' title="bbox 658 5319 2108 5899">
     <span class='ocr_line' id='line_1_41' title="bbox 854 5319 1981 5401; baseline -0.004 -18"><span class='ocrx_word' id='word_1_361' title='bbox 854 5346 863 5354; x_wconf 61' lang='lat'>-</span> <span class='ocrx_word' id='word_1_362' title='bbox 885 5325 900 5383; x_wconf 79' lang='lat' dir='ltr'>l</span> <span class='ocrx_word' id='word_1_363' title='bbox 926 5341 966 5383; x_wconf 83' lang='lat' dir='ltr'>m.</span> <span class='ocrx_word' id='word_1_364' title='bbox 1364 5323 1386 5383; x_wconf 80' lang='lat'><em>2</em></span> <span class='ocrx_word' id='word_1_365' title='bbox 1407 5340 1448 5381; x_wconf 78' lang='lat' dir='ltr'>ut.</span> <span class='ocrx_word' id='word_1_366' title='bbox 1813 5319 1981 5401; x_wconf 66' lang='lat' dir='ltr'>legendum.</span> 
     </span>
     <span class='ocr_line' id='line_1_42' title="bbox 658 5418 2108 5502; baseline -0.001 -17"><span class='ocrx_word' id='word_1_367' title='bbox 658 5422 673 5485; x_wconf 96' lang='lat' dir='ltr'>I</span> <span class='ocrx_word' id='word_1_368' title='bbox 699 5425 758 5485; x_wconf 80' lang='grc'>102</span> <span class='ocrx_word' id='word_1_369' title='bbox 782 5430 814 5488; x_wconf 89' lang='lat' dir='ltr'>et</span> <span class='ocrx_word' id='word_1_370' title='bbox 836 5422 952 5487; x_wconf 85' lang='lat' dir='ltr'>faciem</span> <span class='ocrx_word' id='word_1_371' title='bbox 974 5422 1023 5486; x_wconf 89' lang='lat' dir='ltr'>ira</span> <span class='ocrx_word' id='word_1_372' title='bbox 1045 5420 1105 5485; x_wconf 90' lang='lat' dir='ltr'>loci</span> <span class='ocrx_word' id='word_1_373' title='bbox 1223 5427 1255 5487; x_wconf 91' lang='lat' dir='ltr'>et</span> <span class='ocrx_word' id='word_1_374' title='bbox 1276 5418 1392 5486; x_wconf 82' lang='lat' dir='ltr'>faciem</span> <span class='ocrx_word' id='word_1_375' title='bbox 1413 5420 1525 5502; x_wconf 88' lang='lat' dir='ltr'>iraque</span> <span class='ocrx_word' id='word_1_376' title='bbox 1548 5419 1608 5485; x_wconf 89' lang='lat' dir='ltr'>loci</span> <span class='ocrx_word' id='word_1_377' title='bbox 1718 5427 1751 5486; x_wconf 89' lang='lat' dir='ltr'>et</span> <span class='ocrx_word' id='word_1_378' title='bbox 1771 5420 1855 5486; x_wconf 85' lang='lat' dir='ltr'>facie</span> <span class='ocrx_word' id='word_1_379' title='bbox 1877 5418 2025 5485; x_wconf 89' lang='lat' dir='ltr'>miranda</span> <span class='ocrx_word' id='word_1_380' title='bbox 2047 5419 2108 5484; x_wconf 92' lang='lat' dir='ltr'>loci</span> 
     </span>
     <span class='ocr_line' id='line_1_43' title="bbox 698 5520 1805 5592; baseline 0.001 -5"><span class='ocrx_word' id='word_1_381' title='bbox 698 5520 758 5588; x_wconf 85' lang='grc'>257</span> <span class='ocrx_word' id='word_1_382' title='bbox 781 5522 870 5592; x_wconf 88' lang='lat' dir='ltr'>iaces</span> <span class='ocrx_word' id='word_1_383' title='bbox 1224 5527 1271 5587; x_wconf 80' lang='lat' dir='ltr'>oct</span> <span class='ocrx_word' id='word_1_384' title='bbox 1292 5522 1377 5588; x_wconf 87' lang='lat' dir='ltr'>iacet</span> <span class='ocrx_word' id='word_1_385' title='bbox 1717 5520 1805 5588; x_wconf 89' lang='lat' dir='ltr'>iaces</span> 
     </span>
     <span class='ocr_line' id='line_1_44' title="bbox 697 5631 1933 5712; baseline -0.001 -21"><span class='ocrx_word' id='word_1_386' title='bbox 697 5631 758 5692; x_wconf 81' lang='grc'>258</span> <span class='ocrx_word' id='word_1_387' title='bbox 782 5635 910 5712; x_wconf 88' lang='lat' dir='ltr'>pectore</span> <span class='ocrx_word' id='word_1_388' title='bbox 931 5633 996 5692; x_wconf 90' lang='lat' dir='ltr'>toto</span> <span class='ocrx_word' id='word_1_389' title='bbox 1224 5634 1352 5712; x_wconf 88' lang='lat' dir='ltr'>pectore</span> <span class='ocrx_word' id='word_1_390' title='bbox 1374 5633 1441 5693; x_wconf 91' lang='lat' dir='ltr'>tuto</span> <span class='ocrx_word' id='word_1_391' title='bbox 1718 5633 1846 5710; x_wconf 89' lang='lat' dir='ltr'>pectore</span> <span class='ocrx_word' id='word_1_392' title='bbox 1868 5632 1933 5692; x_wconf 88' lang='lat' dir='ltr'>toto</span> 
     </span>
     <span class='ocr_line' id='line_1_45' title="bbox 697 5732 1893 5797; baseline 0.001 -4"><span class='ocrx_word' id='word_1_393' title='bbox 697 5732 758 5795; x_wconf 89' lang='grc'>278</span> <span class='ocrx_word' id='word_1_394' title='bbox 781 5736 856 5796; x_wconf 90' lang='lat' dir='ltr'>neto</span> <span class='ocrx_word' id='word_1_395' title='bbox 877 5749 956 5795; x_wconf 87' lang='lat' dir='ltr'>auro</span> <span class='ocrx_word' id='word_1_396' title='bbox 1223 5736 1317 5796; x_wconf 88' lang='lat' dir='ltr'>necto</span> <span class='ocrx_word' id='word_1_397' title='bbox 1338 5750 1417 5797; x_wconf 89' lang='lat' dir='ltr'>auro</span> <span class='ocrx_word' id='word_1_398' title='bbox 1718 5736 1792 5796; x_wconf 90' lang='lat' dir='ltr'>neto</span> <span class='ocrx_word' id='word_1_399' title='bbox 1814 5750 1893 5795; x_wconf 89' lang='lat' dir='ltr'>auro</span> 
     </span>
     <span class='ocr_line' id='line_1_46' title="bbox 697 5831 1853 5899; baseline 0.001 -5"><span class='ocrx_word' id='word_1_400' title='bbox 697 5834 758 5894; x_wconf 83' lang='grc'>296</span> <span class='ocrx_word' id='word_1_401' title='bbox 782 5832 908 5897; x_wconf 83' lang='lat' dir='ltr'>eximiis</span> <span class='ocrx_word' id='word_1_402' title='bbox 1224 5833 1374 5899; x_wconf 79' lang='lat' dir='ltr'>exbemis</span> <span class='ocrx_word' id='word_1_403' title='bbox 1717 5831 1853 5899; x_wconf 83' lang='lat' dir='ltr'>eximis</span> 
     </span>
    </p>
   </div>
   <div class='ocr_carea' id='block_1_7' title="bbox 0 0 2528 6724">
    <p class='ocr_par' dir='ltr' id='par_1_9' title="bbox 0 0 2528 6724">
     <span class='ocr_line' id='line_1_47' title="bbox 0 0 2528 6724; baseline 0 0"><span class='ocrx_word' id='word_1_404' title='bbox 0 0 2528 6724; x_wconf 95' lang='lat' dir='ltr'> </span> 
     </span>
    </p>
   </div>
  </div>
 </body>
</html>
