5030 6734
927 490 1160 548 IOHANNIDOS
1179 492 1250 549 LlB.
1271 493 1322 549 lv.
1342 493 1377 547 V.
1401 495 1472 559 (lv).

771 679 887 749 extulit
908 680 1078 764 ignivagos
1100 681 1217 764 gelidis
1239 689 1275 747 ut
1296 688 1439 753 maestus
1462 681 1503 747 ab
1525 680 1620 751 undis

660 801 673 838 a
769 781 919 849 Phoebus
942 804 1058 866 equos,
1085 791 1218 869 patuere
1240 784 1319 851 doli.
1366 792 1440 853 nmo
1462 784 1558 867 signa
1578 784 1707 868 tyranni

769 884 925 968 vidimus,
952 886 1032 965 heu,
1059 887 1168 953 miseri
1189 887 1306 953 nostris
1329 906 1494 953 occurrere
1516 887 1618 970 signis

768 992 801 1052 et
822 988 897 1054 totis
918 988 1049 1055 rabidos
1071 989 1194 1074 campis
1216 989 1396 1057 fervescere
1419 989 1557 1054 Mauros.

767 1108 825 1154 nos
847 1090 1000 1174 pavidum
1024 1112 1173 1161 revocare
1195 1091 1323 1176 pedem.
1369 1113 1444 1157 nam
1466 1092 1580 1158 sistere
1602 1097 1713 1156 contra

766 1192 838 1275 quis
861 1199 1007 1278 poterat?
1051 1195 1195 1278 sequitur
1216 1195 1352 1279 pavidas
1375 1215 1433 1278 per
1454 1201 1547 1279 prata
1568 1201 1714 1263 catervas

765 1288 1107 1381 Antalas‘Stutiasque
1130 1297 1251 1364 furens.
1298 1298 1353 1365 via
1373 1297 1465 1364 nulla
1487 1297 1619 1379 salutis,

764 1404 797 1464 et
818 1398 938 1465 densus
959 1401 1102 1485 trepidos
1125 1420 1265 1484 urguens
1286 1401 1493 1467 circumvolat
1515 1400 1627 1467 hostis.

764 1521 850 1567 mors
872 1510 941 1568 erat
962 1510 1037 1571 ente
1059 1504 1184 1586 oeulos,
1211 1510 1243 1570 et
1264 1523 1357 1588 openr
1380 1503 1445 1569 fors
1468 1504 1548 1571 dura
1569 1504 1720 1587 negabat.

763 1623 781 1668 o
804 1604 925 1671 utinam
948 1605 1054 1671 medio
1076 1606 1252 1672 iacuissent
1274 1606 1389 1672 funera
1411 1610 1539 1691 campol

762 1705 903 1772 dedecus
925 1708 1093 1791 indignum
1116 1708 1232 1774 nostris
1255 1709 1364 1793 procul
1387 1708 1536 1775 essetab
1558 1709 1667 1774 armis.

762 1816 887 1875 erectus
909 1811 1034 1877 medius
1056 1811 1144 1877 felici
1165 1812 1268 1878 Marte
1290 1812 1451 1877 Iohannes

761 1912 918 1979 occubuit.
964 1913 1067 1979 fastus
1090 1913 1296 1980 domininon
1319 1914 1449 1999 pertulit
1470 1914 1571 1981 hostis

761 2022 844 2080 sorte
867 2016 952 2100 pari,
979 2035 1074 2083 enses
1096 2036 1155 2083 nec
1176 2016 1283 2082 timuit
1304 2017 1449 2101 captivus
1472 2016 1601 2083 heriles.

760 2138 837 2201 ergo
859 2138 917 2203 per
938 2126 1087 2185 extensos
1110 2120 1239 2204 fugiens
1260 2119 1462 2205 compellitur
1482 2139 1577 2203 agros

759 2240 886 2288 currere
908 2221 998 2288 fortis
1020 2242 1134 2306 equus.
1180 2224 1290 2290 crebro
1312 2230 1405 2289 sonat
1426 2223 1549 2306 ungula
1570 2243 1685 2303 cornu,

759 2330 856 2406 atque
878 2324 955 2391 feris
978 2325 1112 2410 pavidos
1133 2332 1249 2408 urguet
1271 2325 1312 2391 de
1335 2325 1494 2391 montibus
1517 2324 1630 2391 hostis.

759 2426 862 2493 ardua
883 2436 989 2494 castra
1011 2428 1096 2512 gerit
1118 2429 1240 2513 campis
1263 2429 1367 2495 Cebar
1387 2427 1500 2495 addita
1521 2428 1651 2513 apertis.

759 2530 822 2597 huc
843 2530 1026 2597 miseranda
1047 2549 1161 2675 mspus
1183 2532 1290 2597 frenos
1312 2529 1445 2598 deflexit
1466 2551 1630 2614 equorum.

626 2693 629 2699 ,
758 2652 828 2698 cum
852 2633 978 2700 miseris
1000 2616 1218 2729 tenuit-miles
1239 2634 1375 2700 castella
1395 2633 1544 2700 tribunis.

758 2735 824 2800 dux
845 2742 915 2802 erat
936 2743 969 2803 et
990 2737 1127 2803 medius.
1173 2756 1234 2803 nec
1255 2737 1347 2802 nobis
1370 2735 1522 2802 claudere
1545 2743 1653 2820 portas

755 2857 833 2904 eura
854 2839 927 2907 fuir.
972 2846 1114 2906 tutemus
1137 2859 1236 2922 equos
1258 2860 1430 2924 pugnaque
1452 2838 1596 2924 pedestri

755 2942 913 3026 cingimur
935 2949 967 3009 et
987 2943 1080 3009 tectis
1102 2943 1269 3009 venientes
1290 2941 1441 3026 pellimus
1467 2941 1586 3007 hostes.

754 3043 912 3111 irruerant
933 3044 1054 3128 gemini
1075 3045 1169 3112 turba
1191 3050 1326 3111 coe'unto
1347 3043 1476 3128 tyranni

754 3147 1008 3232 Lagnantanque
1030 3147 1144 3215 cohors
1166 3155 1199 3215 et
1220 3148 1330 3213 densis
1352 3148 1468 3213 Naffur
1488 3146 1522 3212 in
1544 3146 1652 3211 armis.

753 3255 829 3317 tunc
851 3250 992 3332 Studes,
1018 3268 1150 3317 saevum
1172 3249 1298 3334 fingens
1321 3268 1523 3334 compescere
1544 3249 1682 3333 bellum,

752 3351 786 3418 in
808 3352 932 3419 medias
954 3353 1041 3419 acies
1063 3353 1172 3419 stricto
1194 3353 1282 3418 volat
1306 3353 1422 3436 igneus
1444 3371 1533 3418 ense.

752 3455 905 3522 admonet
926 3463 995 3523 arte
1017 3455 1103 3523 feros
1126 3455 1248 3541 campis
1271 3454 1428 3522 desistere
1451 3455 1596 3535 Mauros,

751 3566 784 3624 et
805 3559 933 3626 cohibet
954 3565 1098 3643 sumptas
1120 3557 1262 3625 infandis
1284 3558 1415 3624 vocibus
1438 3557 1513 3623 iras.

750 3661 928 3729 discessere
950 3662 1041 3728 locis.
1088 3662 1177 3728 stetit
1197 3661 1364 3745 improbus
1385 3680 1506 3744 aggere
1529 3660 1616 3727 celso

749 3784 809 3830 eeu
830 3765 996 3850 placidus,
1022 3764 1151 3830 blandis
1173 3764 1320 3830 nutantia
1340 3771 1470 3848 pectora
1491 3763 1598 3829 verbis

641 3890 653 3927 n
748 3867 921 3952 impellens
942 3866 985 3933 ad
1006 3867 1105 3933 bella.
1152 3867 1248 3934 simul
1270 3867 1425 3952 promittit
1446 3874 1479 3932 et
1501 3872 1617 3949 urguet

749 3970 955 4053 hortaturque
977 3970 1063 4036 viros
1085 3970 1182 4037 variis
1204 3971 1248 4036 ad
1269 3970 1358 4037 bella
1379 3969 1502 4052 figuris.

747 4072 1017 4155 eunomiumne,
1043 4094 1128 4139 nuno
1150 4071 1289 4139 blandus
1312 4072 1416 4139 adest.
1463 4079 1581 4139 terrore
1604 4071 1728 4136 subacti

747 4175 904 4258 proiciunt
926 4196 985 4245 sua
1006 4176 1076 4247 tels.
1094 4175 1172 4258 viri,
1198 4176 1398 4259 genibusque
1420 4174 1550 4257 tyranni

746 4285 916 4344 accurrunt
937 4278 1077 4360 celeres,
1103 4285 1137 4344 et
1157 4278 1262 4343 amica
1284 4297 1361 4343 uoce
1384 4276 1537 4345 salutant.

746 4379 779 4445 in
802 4380 938 4446 ducibus
959 4380 1024 4447 iam
1046 4382 1138 4447 nulla
1160 4380 1260 4449 salus.
1307 4378 1385 4462 quid
1407 4386 1521 4447 cuncta
1542 4377 1685 4444 referret

746 4503 875 4550 oramus
897 4484 1037 4553 veniam.
1085 4484 1179 4549 datur
1200 4482 1298 4550 ilicet.
1346 4482 1472 4565 egimus
1494 4483 1602 4549 hostes

745 4606 804 4671 per
824 4587 924 4655 vitam
945 4587 1052 4653 iurare
1075 4606 1177 4651 suam.
1224 4586 1331 4653 fecere
1353 4586 1467 4653 coacti.

745 4689 896 4755 finximus
917 4688 1060 4757 infandis
1081 4688 1182 4756 veluti
1204 4689 1325 4757 servire
1347 4689 1504 4773 tyrannis.

513 4858 517 4867 ,
565 4850 605 4887 Ι,
637 4868 665 4887 Η
745 4779 1026 4876 Iustiniandpolis
1049 4792 1156 4859 saevis
1178 4799 1254 4858 tunc
1274 4792 1393 4859 tradita
1415 4791 1535 4858 Mauris

745 4902 830 4961 sorte
852 4895 913 4961 sub
934 4894 1077 4980 ancipili.
1125 4895 1282 4960 sooiomm
1303 4894 1431 4963 flectere
1453 4902 1578 4961 mentes

743 5005 817 5082 post
838 4997 928 5064 licuit
950 5018 1008 5082 per
1029 4998 1128 5064 verba
1149 4998 1240 5063 mihi.
1287 4998 1458 5065 Marturius
1481 5018 1546 5064 una

742 5100 875 5168 consilio
896 5106 1040 5171 maturus
1062 5107 1141 5167 erat.
1188 5100 1410 5186 compellimus
1431 5102 1527 5168 ambo

359 5261 375 5267 -
386 5262 532 5271 ..m-n.—
539 5266 742 5274 --—-...——
759 5269 768 5275 -

425 5354 458 5404 25
475 5359 574 5419 pstnerl
594 5360 615 5406 Τ
734 5359 762 5408 34
785 5359 943 5408 circomuolst
965 5358 986 5405 Τ
1104 5359 1138 5408 34
1156 5359 1255 5408 deletus
1277 5359 1298 5406 Τ
1417 5358 1450 5407 35
1468 5364 1567 5408 erectus
1586 5358 1616 5422 T,
1643 5365 1748 5408 enectus
1769 5358 1885 5407 dottam
1901 5359 1978 5410 Belle.

355 5440 388 5491 36
405 5444 512 5493 occurrit
530 5443 608 5493 Mass.
703 5474 706 5479 n
749 5446 780 5495 34
800 5446 873 5493 erllss
895 5445 915 5491 Τ
1050 5444 1083 5494 40
1101 5446 1228 5494 mentibus
1247 5444 1338 5504 llam,
1365 5445 1475 5493 moribus
1496 5444 1517 5491 Τ
1637 5444 1716 5493 hostis
1733 5446 1829 5506 scripsi,
1853 5444 1938 5493 hostes
1961 5446 1981 5491 Τ

352 5526 383 5576 44
404 5528 489 5577 sddits
505 5532 600 5591 scripsi,
620 5529 689 5578 sddlt
710 5530 731 5578 Τ
849 5529 882 5577 43
902 5531 985 5578 nrlserl
1005 5529 1081 5580 444444.
1204 5532 1290 5580 tenuit
1307 5530 1380 5579 miles
1397 5533 1497 5592 scripsi,
1518 5536 1623 5580 tenuare
1641 5532 1714 5579 mlles
1735 5530 1763 5589 Τ,
1783 5534 1888 5578 tenuere
1906 5533 1980 5593 equi-

352 5622 391 5662 tes
405 5615 548 5677 Mommm,
567 5619 672 5663 terruere
683 5615 761 5664 Mlleu
775 5616 853 5677 Mass.
941 5616 1036 5664 trlbuul
1052 5616 1129 5666 Mors.
1225 5616 1257 5664 44
1275 5615 1498 5677 ouxerstldau„
1518 5615 1650 5664 dlxsrsst'
1749 5614 1782 5665 46
1800 5615 1975 5675 merismu..

351 5702 423 5748 tettls
444 5699 471 5759 Τ,
491 5701 549 5748 tells
569 5699 648 5749 Mass.
754 5701 971 5763 relegentesque
995 5701 1016 5748 Τ
1118 5702 1148 5750 54
1169 5710 1261 5752 terrore
1280 5701 1369 5763 Musa,
1389 5710 1515 5751 stertere
1536 5700 1557 5749 Τ
1661 5701 1694 5751 64)
1712 5703 1738 5749 ln
1756 5701 1863 5749 duclbus
1880 5704 1975 5764 scripsi,

352 5785 517 5835 ludlclbusi'
621 5786 654 5834 66
672 5787 792 5833 susturlus
813 5786 833 5832 Τ
