5042 6726
528 599 573 663 VI
1228 598 1460 656 PROOEMIVhi.

529 821 741 887 Germanicae
764 822 869 888 fontes
900 821 1014 888 studiis
1035 821 1160 888 iteratis
1189 823 1341 907 colligere
1371 823 1630 909 limpidioresque
1660 822 1837 889 litterarum
1860 822 2014 889 studiosis
2037 822 2168 889 tradere

531 949 654 1025 curant,
681 962 749 1008 ere
763 963 815 1008 me
831 941 990 1008 facturum
1007 941 1145 1027 speravi,
1173 943 1200 1007 si
1216 942 1347 1028 Corippi
1369 942 1460 1008 libris
1482 942 1625 1009 recensis
1646 980 1690 991 —
1712 963 1788 1008 uam
1810 963 1851 1008 ne
1873 943 2011 1008 alterum
2034 942 2167 1027 quidem

531 1061 676 1128 eiusdem
705 1082 833 1128 carmen
864 1062 897 1127 iu
926 1062 1055 1128 laudem
1078 1063 1195 1128 Iustini
1226 1062 1434 1148 compositum
1465 1062 1685 1129 anhannide
1715 1070 1801 1129 recte
1832 1062 1975 1147 separari
1998 1062 2100 1148 potuit
2124 1100 2165 1110 -

529 1202 592 1247 non
623 1182 719 1248 modo
748 1201 852 1267 pauca
880 1182 921 1247 de
950 1181 1018 1247 vita
1047 1183 1186 1249 auctoris
1216 1188 1249 1250 et
1279 1182 1319 1248 de
1348 1181 1512 1249 codicibus
1535 1182 1576 1248 ad
1598 1183 1683 1248 hanc
1705 1182 1877 1248 editionem
1900 1182 2072 1264 adhibitis,
2106 1182 2167 1248 sed

531 1301 630 1367 etiam
652 1322 768 1383 rerum,
795 1322 878 1384 quae
900 1302 1080 1369 Iohannide
1103 1302 1343 1385 adumbrentur,
1368 1302 1583 1368 narrationem
1607 1303 1800 1368 succinctam
1823 1301 2074 1387 praemisissem.
2118 1303 2168 1368 Ac

530 1421 726 1506 temporibus
749 1421 879 1506 quidem
903 1428 936 1487 et
956 1421 1036 1487 locis
1062 1423 1217 1506 maxime,
1251 1423 1367 1506 quibus
1390 1422 1546 1506 Vandali,
1578 1422 1700 1505 Mauri,
1734 1422 1883 1508 Byzantii
1910 1422 1993 1489 inter
2023 1442 2058 1488 se
2089 1442 2165 1487 con-

528 1540 686 1623 flixerint,
718 1541 914 1625 indagandis
937 1562 1068 1626 operam
1091 1542 1184 1625 dedi,
1222 1561 1293 1606 cum
1316 1548 1348 1607 et
1376 1542 1613 1626 chronologiam
1635 1550 1668 1608 et
1689 1543 1934 1628 topographiam
1956 1563 2063 1609 rerum
2086 1548 2165 1608 tuuc

530 1663 563 1727 in
586 1662 696 1727 Africa
724 1669 888 1745 gestarum
919 1662 1115 1747 crepusculis
1137 1661 1329 1745 quibusdam
1353 1681 1391 1726 ac
1413 1682 1516 1746 paene
1538 1662 1680 1729 tenebris
1701 1660 1849 1728 obfusam
1872 1682 1945 1729 esse
1967 1663 2001 1728 in
2025 1663 2167 1748 Corippo

530 1781 669 1865 legendo
693 1783 773 1847 satis
796 1802 956 1867 superque
978 1782 1222 1848 intellexissem.

616 1902 702 1968 Belli
723 1901 856 1967 Maurici
886 1922 969 1985 quae
998 1902 1041 1966 sit
1063 1901 1163 1984 origo,
1197 1901 1363 1985 quaerenti
1392 1901 1527 1967 Iohanni
1557 1902 1710 1986 magistro
1738 1903 1875 1969 militum
1898 1902 2080 1970 Caecilides
2109 1903 2169 1967 tri-

530 2023 636 2087 bunus
659 2022 802 2105 longiore
824 2021 883 2086 illa
904 2020 940 2086 in
962 2021 1103 2087 oratione
1130 2022 1210 2103 (Ioh.
1230 2021 1279 2085 111
1302 2020 1432 2084 sr-lv
1448 2024 1536 2104 246),
1562 2043 1626 2105 qua
1648 2042 1700 2088 res
1722 2030 1797 2089 ante
1812 2023 1967 2088 Iohannis
1989 2022 2165 2088 adventum

530 2141 563 2205 in
586 2141 697 2237 Africa
718 2148 830 2225 gestae
858 2148 1064 2223 enarrantur,
1097 2142 1272 2226 respondet
1294 2140 1451 2207 Vandalis
1481 2141 1719 2208 dominantibus
1748 2142 1803 2208 diu
1832 2142 1997 2209 florentem
2021 2142 2164 2207 Africam

530 2282 593 2327 non
614 2260 710 2326 modo
733 2262 830 2341 bello,
860 2261 920 2326 sed
943 2261 1020 2325 belli
1043 2260 1139 2326 etiam
1164 2260 1345 2344 suspicione
1369 2260 1503 2326 liberam
1526 2261 1646 2345 fuisse,
1673 2262 1776 2329 donec
1798 2256 1952 2345 Ant'alas,
1979 2264 2164 2328 Maurorum

531 2382 770 2466 Byzacenorum
800 2380 946 2464 regulus,
979 2379 1108 2445 Africae
1138 2381 1240 2465 pestis
1269 2387 1465 2446 nasceretur.
1517 2381 1580 2459 Qui
1610 2402 1681 2448 cum
1711 2384 1753 2448 ab
1788 2354 1991 2448 ffitae
2028 2383 2167 2468 septimo

532 2501 656 2568 decimo
678 2500 808 2586 rapinas
830 2520 928 2583 agere
951 2499 1111 2584 coepisset
1137 2499 1195 2582 (ΙΙΙ
1221 2502 1306 2580 too),
1333 2500 1465 2583 triginta
1487 2520 1588 2565 annos
1610 2508 1705 2567 natus
1727 2501 1872 2566 Africam
1901 2502 2166 2586 populationibus

532 2621 629 2688 tantis
653 2621 792 2703 vexavit,
819 2627 854 2687 ut
875 2628 951 2686 tunc
973 2621 1038 2685 iam
1060 2620 1162 2702 mergi
1185 2618 1314 2684 Africae
1336 2619 1482 2685 fortunae
1505 2619 1700 2686 viderentur.

638 2740 688 2805 III
710 2743 751 2805 73
775 2759 876 2823 usque
899 2739 942 2805 ad
964 2746 1013 2806 ter
1036 2739 1136 2805 denos
1158 2738 1296 2804 Antalae
1318 2738 1424 2804 floruit
1446 2758 1547 2805 annos

773 2844 948 2909 nascentis.

531 2963 624 3043 Quod
645 2972 772 3049 tempus
794 2964 845 3029 his
867 2963 974 3030 uerbis
996 2969 1092 3048 potita
1112 2961 1319 3044 indicaverit,
1347 2961 1493 3028 dubitare
1516 2962 1571 3027 vix
1593 2981 1765 3047 possumus
1787 2962 1950 3044 versibus,
1976 2962 2031 3045 qui
2052 2963 2165 3047 paullo

530 3083 615 3149 infra
638 3090 824 3166 sequuntur,
849 3084 1018 3168 inspectis:

617 3204 667 3268 III
692 3206 752 3268 184
774 3203 839 3268 iam
861 3211 989 3288 tempus
1012 3204 1147 3269 miseros
1174 3206 1251 3285 (scit.
1278 3201 1449 3277 Vandalos}
1478 3201 1554 3268 fatis
1577 3202 1736 3286 urguebat
1757 3204 1902 3278 acerbis,

774 3327 937 3391 regnaque
961 3314 1095 3372 centeno
1117 3324 1292 3391 properans
1315 3305 1379 3370 iam
1401 3305 1543 3389 fregerat
1571 3310 1602 3381 (i.
1628 3327 1653 3369 c.
1681 3306 1862 3390 frangebat)
1890 3325 1985 3371 auno.

771 3417 848 3476 tuuc
869 3410 1007 3496 primum
1029 3410 1063 3474 in
1085 3409 1202 3474 nostris
1225 3409 1320 3475 urbes
1343 3408 1537 3474 succendere
1559 3409 1653 3474 terris

772 3521 804 3580 et
825 3515 979 3600 populare
1003 3531 1097 3578 casas
1119 3521 1152 3577 et
1173 3512 1295 3596 campis
1318 3532 1445 3577 currere
1470 3512 1591 3577 Frexes

771 3623 923 3701 coeperat
926 3663 1739 3681 ...............

579 3744 583 3749 ·
688 3723 747 3784 105
771 3726 913 3804 tempore
937 3717 1107 3783 Vandalici
1129 3718 1292 3803 perierunt
1315 3717 1436 3800 gaudia
1458 3717 1550 3801 regni

770 3830 890 3888 nostra.

526 3944 712 4027 Insequitur
738 3942 796 4026 [III
823 3944 1002 4023 iss-261)
1030 3940 1201 4025 descriptio
1224 3939 1327 4004 cladis
1350 3939 1438 4004 illius
1460 3940 1632 4021 maximae,
1659 3960 1723 4023 qua
1746 3939 1902 4005 Hilderici
1925 3941 2011 4024 regis
2034 3940 2164 4006 exerci-

527 4074 594 4130 tum
617 4064 752 4130 Antalas
774 4061 901 4127 afflixit.
946 4062 996 4125 Ab
1019 4082 1058 4126 ea
1080 4060 1179 4144 igitur
1201 4059 1329 4124 Africae
1353 4059 1554 4125 calamitates
1575 4059 1736 4144 incepisse
1759 4060 1917 4144 Corippus
1941 4060 2002 4125 sibi
2025 4080 2161 4144 persua-

531 4192 627 4251 serat.
668 4185 735 4248 Iam
758 4202 834 4248 vero
857 4202 928 4246 eum
945 4200 1086 4264 pugnam
1101 4179 1191 4244 illam
1207 4199 1237 4244 a.
1257 4201 1289 4264 p.
1309 4179 1383 4245 Chr.
1402 4200 1434 4243 n.
1454 4183 1515 4244 530
1531 4178 1737 4245 commissam
1752 4198 1824 4245 esse
1841 4179 1920 4244 satis
1936 4187 2069 4263 constet,
2096 4181 2165 4245 An-

527 4305 626 4371 talam
642 4323 726 4368 auno
742 4307 804 4367 500
820 4309 929 4366 natum
946 4319 1029 4379 esse,
1056 4319 1139 4364 anuo
1156 4303 1216 4363 517
1241 4298 1378 4383 primunr
1401 4298 1444 4363 ad
1463 4299 1688 4383 populationes
1704 4298 1911 4365 descendisse
1927 4299 2162 4385 putabimus²)‚

613 4424 750 4489 Antalae
779 4421 913 4487 victoria
938 4419 1094 4485 Hilderici
1123 4439 1257 4503 regnum
1289 4419 1453 4484 subvertit.
1503 4418 1721 4485 Vandalorum
1750 4419 1835 4485 enim
1867 4420 2027 4486 exercitus
2056 4421 2163 4485 victus

526 4544 581 4610 ubi
596 4542 824 4626 Carthaginem
845 4541 986 4619 revertit,
1013 4539 1083 4624 regi
1106 4548 1270 4605 senectute
1294 4539 1437 4605 confecto
1459 4539 1627 4625 imperium
1651 4540 1820 4624 abrogavit
1842 4541 1975 4624 eiusque
1997 4541 2032 4605 in
2055 4540 2161 4605 locum

527 4663 769 4745 Geilamirumi)
797 4660 906 4743 elegit.
954 4660 1099 4725 Subitam
1122 4659 1206 4724 hanc
1228 4680 1334 4725 rerum
1350 4659 1597 4726 Vandalicarum
1621 4661 1830 4726 mutationem
1851 4661 1921 4725 iure
1944 4660 2063 4725 iactam
2086 4676 2161 4723 esse

530 4832 676 4840 ...u—..-
718 4830 729 4835 -.
745 4830 812 4836 --...
831 4828 925 4834 ---
932 4829 941 4833 .

612 4923 636 4986 2)
657 4925 740 4971 Aliter
758 4923 860 4986 Corippl
877 4923 959 4969 locum
978 4918 1061 4967 11173
1079 4920 1176 4981 accepit
1194 4918 1414 4979 Mazzucchelllus,
1435 4920 1480 4981 qul
1498 4921 1595 4982 poetam
1614 4921 1644 4967 de
1664 4922 1762 4968 Africae
1781 4920 1904 4968 malorum
1924 4916 1998 4968 initio
2016 4919 2161 4979 loquentem

526 5011 665 5060 Solomonis
690 5010 800 5069 magistri
822 5009 930 5057 militum
952 5007 1060 5054 exitium
1079 5006 1221 5069 respexisse
1239 5005 1375 5053 arbitretur
1393 5005 1508 5053 Anniam
1527 5018 1592 5053 anno
1612 5003 1662 5052 513
1684 5012 1772 5053 natum
1791 5018 1861 5063 esse,
1888 5019 1953 5052 suno
1972 5004 2021 5054 330
2040 5004 2071 5052 ad
2089 5016 2161 5065 egros

524 5096 680 5161 populandos
698 5096 851 5158 processIsse
869 5093 1007 5154 eodemque
1025 5095 1074 5141 iam
1093 5105 1159 5140 enno
1178 5091 1348 5140 Vandalorum
1368 5094 1506 5139 exercitum
1525 5105 1648 5151 magnum
1666 5091 1779 5151 iudisse,
1806 5103 1871 5138 enno
1889 5091 2001 5153 dentque
2020 5089 2069 5139 5⁴3
2089 5090 2162 5139 Solo·

524 5197 622 5233 monem
648 5183 801 5245 oppressimus
825 5179 963 5228 contendit.
1002 5180 1048 5227 Oui
1073 5179 1215 5226 sententiae
1238 5176 1340 5239 Corippi
1363 5177 1444 5237 ipsius
1469 5178 1542 5224 verba
1565 5176 1737 5224 adversantur.
1775 5177 1861 5238 Neque
1885 5180 1953 5224 euim
1978 5193 2001 5225 a.
2023 5176 2086 5235 543,
2117 5176 2160 5223 sed

525 5285 548 5318 a.
564 5268 613 5318 tlt
632 5269 788 5318 solomonem
807 5267 913 5327 periisse
931 5278 945 5312 e
963 5265 1115 5313 Iohannidos
1133 5264 1156 5311 ll
1176 5265 1208 5313 35
1227 5264 1264 5311 ΙΙΙ
1284 5262 1334 5312 290
1353 5264 1443 5311 elucet.
1483 5262 1638 5323 Quicmquem
1657 5262 1801 5311 hocerrore
1819 5263 1948 5311 intellecto
1966 5269 2018 5311 tots
2036 5263 2083 5310 viri
2101 5262 2163 5311 doc-

524 5357 616 5405 tisslml
636 5354 787 5416 computatio
804 5352 906 5412 corruit,
927 5352 1004 5399 sltero
1022 5352 1097 5398 etlam
1116 5364 1170 5399 eam
1190 5350 1253 5412 pede
1271 5350 1411 5399 claudicare
1428 5349 1611 5397 demonstrasse
1628 5349 1736 5397 iurabit.
1770 5350 1856 5396 hunos
1875 5349 2053 5410 septemdecim
2070 5354 2160 5397 netum

525 5442 640 5490 Anteium
659 5443 709 5489 iam
728 5438 848 5487 Hilderici
866 5438 1006 5485 exercitum
1024 5438 1115 5485 vteiese
1134 5451 1179 5486 uos
1197 5436 1298 5484 credere
1316 5442 1385 5484 vetat
1403 5437 1477 5498 poita
1495 5436 1565 5497 ipse,
1594 5436 1637 5497 qui
1660 5450 1682 5483 s.
1703 5436 1793 5485 aetstIs
1811 5436 1918 5496 septimo
1937 5437 2034 5485 decimo
2052 5449 2160 5499 puerum

523 5530 630 5591 primum
653 5526 728 5575 ovilia
752 5530 902 5587 temptasse,
927 5536 985 5570 oves
1011 5523 1124 5584 singulae
1148 5524 1276 5585 repulsae,
1305 5522 1486 5584 pedetemptim
1511 5521 1604 5569 deiude
1630 5522 1659 5569 sd
1684 5523 1752 5569 furta
1777 5524 1870 5569 maiora
1893 5524 2044 5583 processlsse
2063 5531 2159 5573 narret.

523 5615 559 5662 lll
575 5612 620 5662 lii
644 5615 772 5675 ‘tempore
790 5613 839 5659 iem
857 5624 889 5658 ex
907 5609 952 5657 illo
971 5610 1053 5658 saorla
1071 5608 1215 5657 adolescere
1233 5610 1310 5657 iurtis
1327 5602 1440 5671 inctplt'.
1475 5608 1556 5655 Annis
1569 5606 1670 5655 demum
1683 5607 1853 5669 compluribus
1866 5609 1974 5669 peractis
1989 5622 2046 5658 cum
2065 5611 2160 5658 maiore

525 5700 678 5763 praedonum
697 5713 772 5747 manu
792 5697 891 5756 Bymcii
911 5709 980 5756 agros
999 5701 1095 5744 vmtare
1113 5702 1139 5743 et
1157 5696 1196 5743 vel
1216 5695 1384 5743 Vandalorum
1403 5709 1460 5742 cum
1478 5694 1585 5742 saterris
1603 5694 1734 5753 confligere
1752 5707 1829 5741 ausus
1847 5700 1895 5742 eet.

611 5785 634 5844 3)
656 5786 770 5834 Nominis
782 5784 844 5831 haec
856 5783 933 5832 iorma
946 5782 1075 5841 Gellamir,
1096 5796 1147 5844 qus
1159 5782 1283 5844 corippus
1295 5782 1385 5839 utitur,
1405 5781 1432 5827 iu
1446 5781 1556 5827 nummis
1568 5780 1645 5827 etiem
1659 5779 1827 5828 Vendelorum
1841 5788 1942 5828 excreta
1954 5788 2002 5829 est.
2032 5782 2068 5829 Vt
2080 5781 2161 5829 huius

524 5875 560 5921 its
577 5873 680 5920 allorum
700 5872 830 5919 nominum
842 5869 1033 5918 Vandalicarum
1052 5870 1143 5919 iormss
1161 5869 1286 5929 genuinas
1303 5866 1435 5929 aGorippo
1454 5871 1631 5915 unnenscare
1644 5866 1826 5914 intellexeruut
1844 5866 1883 5914 Fr.
1900 5867 2012 5916 Distrieh
2032 5868 2080 5916 Dle
2093 5868 2162 5915 Ans-
