5042 6726
522 559 634 625 XVIII
1222 558 1451 614 PROOEMIVM.

525 782 670 864 videtur,
705 785 783 862 544,
817 801 889 847 curn
921 781 1055 864 Sergius
1084 782 1240 847 auxilium
1269 782 1427 865 petiturus
1456 781 1500 846 ad
1523 782 1724 847 Solomouem
1754 788 1904 866 patruum
1927 779 2157 864 Carthaginem

527 901 689 986 profectus
711 908 813 982 esset,
847 902 1092 984 Laguentenses
1121 920 1297 986 permagno
1326 901 1468 966 exercitu
1490 901 1723 986 Tripolitanam
1745 901 1941 986 provinciam
1964 874 2158 983 transgressi

527 1020 703 1104 Byzacium
727 1020 899 1104 petierunt,
927 1021 980 1086 ubi
1005 1020 1125 1086 socium
1148 1019 1228 1085 belli
1250 1026 1412 1104 potentem
1434 1021 1634 1085 invenerunt.
1680 1021 1938 1119 dotales-enim,
1960 1019 2023 1104 ,qui
2046 1020 2171 1101 decem,

528 1160 587 1225 per
608 1140 886 1233 annosailomanis
908 1139 1009 1215 fidem,
1029 1146 1231 1225 servaverat,
1262 1146 1338 1205 tunc
1361 1139 1525 1207 Solomoni
1549 1141 1777 1224 succensebat,
1811 1139 1931 1225 quippe
1959 1140 2015 1224 qui
2037 1147 2069 1205 et
2091 1139 2159 1204 fra-

496 1222 710 1341 ¹”tr-‹ebrudeius
733 1259 931 1325 Guarizilam
961 1260 1118 1325 tumultus
1147 1258 1315 1323 cuiusdam
1344 1258 1377 1323 in
1400 1260 1540 1342 Byzacio
1570 1259 1672 1324 exorti
1700 1268 1862 1326 auctorem
1893 1258 2052 1345 supplicio
2077 1259 2159 1324 affe-

530 1378 670 1463 cissetP)
699 1387 731 1444 et
751 1379 816 1463 ipsi
837 1398 971 1444 munera
993 1378 1180 1460 sollemnia,
1212 1397 1295 1460 quae
1317 1378 1359 1442 ab
1382 1378 1512 1443 Africae
1533 1377 1697 1463 praefecto
1720 1380 1865 1464 accipere
1889 1386 2073 1462 consueret,
2107 1398 2160 1444 re-

530 1506 687 1563 cusasset.
735 1499 807 1577 Qua
836 1518 870 1563 re
901 1497 1014 1564 castris
1040 1517 1112 1563 cum
1135 1497 1418 1581 Laguantensibus
1439 1498 1557 1563 iunctis
1578 1505 1654 1564 tunc
1675 1499 1795 1565 Antala
1817 1498 1899 1565 duce
1921 1498 2026 1564 Mauri
2047 1517 2159 1563 omnes

529 1618 691 1702 Byzaceni
720 1617 893 1702 provinciis
916 1618 1069 1683 Romanis
1096 1617 1217 1682 bellum
1247 1617 1433 1683 intulerunt.
1482 1618 1585 1683 Tanto
1615 1618 1720 1684 subito
1741 1617 1885 1703 periculo
1906 1618 2076 1701 ingruente
2099 1616 2160 1682 So-

528 1736 613 1803 lomo
635 1737 792 1821 quidquid
814 1737 967 1803 Romanis
989 1738 1023 1802 in
1045 1736 1155 1803 Africa
1177 1737 1292 1802 virium
1315 1743 1399 1817 erat,
1433 1736 1467 1801 in
1493 1757 1591 1802 unum
1614 1737 1768 1821 colligere
1790 1738 1964 1804 contendit.
2011 1737 2059 1802 Ao
2081 1736 2159 1801 Pro-

529 1857 642 1941 copius
675 1856 806 1940 quidem
835 1857 1018 1923 Solomonis
1051 1865 1175 1924 tantum
1209 1857 1317 1922 fratris
1349 1855 1449 1938 filios,
1486 1856 1634 1939 Sergium
1665 1865 1698 1922 et
1727 1857 1846 1943 Cyrum
1876 1857 2097 1942 Tripolitanae
2127 1863 2160 1922 et

531 1976 796 2061 Pentapolitanae
818 1977 1003 2062 praesides,
1033 1983 1146 2061 patruo
1169 1975 1314 2041 adfuisse
1336 1983 1502 2042 memorat.
1550 1975 1617 2041 Sed
1638 1985 1753 2060 gentes
1776 1977 1872 2043 etiam
1895 1977 2056 2043 Mauricas
2078 1996 2160 2041 non-

527 2095 637 2161 nullas
665 2096 868 2164 Solomonem
890 2096 1055 2163 adiuvisse
1078 2115 1096 2161 e
1119 2096 1250 2180 Corippi
1272 2095 1468 2160 Iohannidos
1490 2095 1538 2160 ΠΙ
1563 2101 1733 2160 too—tta
1755 2097 1920 2162 discimus.

892 2224 924 2282 et
945 2215 1009 2281 mit
1031 2234 1105 2280 ecce
1128 2215 1259 2297 volans,
1285 2235 1388 2298 aequo
1410 2235 1474 2279 non
1496 2216 1598 2281 Marte
1621 2223 1768 2299 coaetus,

890 2319 1073 2382 Maurorum
1098 2316 1228 2397 ductor,
1253 2317 1363 2382 miseri
1386 2317 1565 2383 Solomonis
1588 2319 1710 2383 amicus

890 2419 1043 2485 Romanis
1067 2420 1162 2484 rebus
1185 2420 1317 2484 nimium
1341 2440 1531 2504 semperque
1554 2421 1659 2486 fidelis

658 2584 661 2595 ,
696 2574 720 2607 ⁸,
763 2528 802 2591 ὲ.
890 2492 1010 2588 sedni
1033 2492 1257 2587 Mdfitiadlanis
1280 2542 1388 2587 secum
1412 2522 1534 2587 viribus
1556 2523 1685 2607 ingens.

890 2624 945 2708 qui
967 2624 1107 2708 Tripolis
1129 2631 1205 2689 tune
1227 2625 1339 2689 ductor
1361 2631 1446 2703 erat,
1473 2626 1622 2690 convenit
1644 2633 1676 2691 et
1697 2625 1806 2690 audax

891 2727 1061 2809 Pelagius:
1088 2726 1146 2791 sed
1169 2727 1308 2809 gentiles
1331 2725 1492 2808 durosque
1514 2727 1654 2792 Mecales

890 2848 998 2894 secum
1021 2829 1064 2893 ad
1086 2829 1174 2894 bella
1196 2828 1327 2893 trahens
1351 2827 1447 2892 fessis
1470 2848 1534 2892 non
1555 2828 1677 2894 viribus
1700 2829 1778 2895 ibat.

890 2931 1035 2996 Ifuraces
1057 2931 1148 2995 fictos
1171 2930 1313 3014 suscepit
1335 2930 1463 2994 nescius
1486 2929 1624 3013 enisu).

527 3051 697 3134 Pelagium
719 3050 827 3141 igitur,
853 3051 908 3133 qui
923 3050 1035 3134 Sergio
1057 3049 1139 3116 duce
1161 3049 1296 3116 absente
1318 3048 1412 3114 limiti
1431 3048 1630 3133 Tripolitano
1645 3051 1825 3135 praefuisse
1840 3053 1977 3135 videtur,
2003 3052 2156 3129 Mecales,

527 3170 632 3253 Syrtis
648 3170 779 3235 minoris
794 3171 936 3249 accolae,
956 3177 988 3235 et
1001 3169 1157 3252 Ifuraces,
1176 3170 1315 3254 populus
1330 3169 1434 3253 Syrtis
1448 3168 1589 3250 maioris,
1615 3172 1840 3254 sequebantur.
1881 3173 2053 3239 Praeterea
2066 3172 2160 3237 Mau·

527 3309 631 3355 rorum
654 3290 786 3374 regulus
808 3289 847 3369 is,
873 3309 968 3372 quem
984 3289 1136 3354 Romanis
1158 3288 1347 3353 fidissimum
1364 3287 1558 3353 Iohannidos
1581 3289 1660 3356 locis
1682 3291 1792 3356 multis
1808 3291 1965 3377 Corippus
1980 3292 2156 3377 praedicat,

528 3409 649 3475 (lesina
665 3409 829 3475 Solomoni
851 3408 966 3474 adfuit.
1007 3408 1148 3475 Cusiuae
1163 3418 1291 3492 gentem
1307 3409 1444 3493 primum
1457 3408 1492 3473 in
1507 3409 1647 3493 Byzacio
1662 3410 1835 3494 habitasse,
1863 3411 1980 3477 deinde
1995 3432 2079 3477 anno
2095 3416 2158 3477 535

528 3550 549 3594 a
563 3528 733 3595 Solomone
749 3531 873 3614 pulsam
889 3529 932 3594 ad
947 3529 1093 3611 laudam,
1111 3528 1241 3593 Aurasii
1255 3528 1370 3593 montis
1385 3548 1504 3611 regem,
1523 3528 1707 3613 confugisse
1723 3530 1896 3616 Procopius
1910 3534 2081 3614 uenatu).
2119 3531 2158 3596 In

526 3648 689 3715 radicibus
711 3649 810 3733 igitur
833 3647 1135 3733 septentrionalibus
1157 3648 1253 3712 huius
1274 3647 1401 3729 montis,
1427 3648 1460 3712 in
1481 3648 1613 3731 regione
1631 3649 1872 3733 Tamugadensi
1895 3651 1946 3717 vel
1970 3650 2159 3716 Lambaesi-

527 3776 605 3834 tana
620 3768 761 3834 Cusiuae
784 3768 901 3833 exinde
924 3766 1078 3851 populum
1093 3766 1388 3850 barbacianumu)
1416 3767 1512 3833 sedes
1532 3767 1686 3832 habuisse
1709 3769 1866 3853 suspicari
1888 3768 1973 3835 lieet.
2018 3770 2159 3836 Cusinae

877 3949 939 3956 ..--

617 4061 657 4121 tc)
680 4061 735 4110 Cor.
756 4061 810 4108 loh.
830 4060 854 4107 ll
873 4057 906 4109 28
924 4061 1021 4120 primus
1039 4060 1091 4108 init
1107 4060 1214 4117 bellum,
1236 4060 1346 4108 fraterna
1364 4066 1443 4108 morte
1461 4070 1560 4111 coactus
1582 4064 1714 4124 (aurulas).

798 4148 837 4194 lll
856 4144 906 4195 38⁴
924 4145 965 4193 hic
982 4146 1067 4193 fratris
1085 4154 1190 4193 mortem
1208 4158 1328 4193 concussa
1346 4152 1431 4194 mente
1449 4146 1556 4196 dolebat.

800 4232 836 4279 lv
855 4232 905 4280 364
1319 4245 1358 4280 res
1376 4232 1476 4294 publica
1494 4240 1561 4279 certe

925 4317 974 4365 fida
992 4318 1063 4366 satis.
1100 4317 1253 4377 sarrguiaque
1272 4322 1347 4377 tuus,
1367 4330 1499 4378 gennuae,
1519 4318 1625 4376 fatetur,

924 4402 1064 4462 Guarizila,
1085 4403 1157 4450 ducis
1175 4404 1246 4450 iussu
1265 4403 1308 4464 qui
1326 4403 1400 4451 fusus
1418 4404 1501 4464 iniqui
1520 4411 1568 4452 eet.

617 4503 657 4563 80]
680 4504 829 4554 lohanuidos
847 4506 891 4553 hoa
910 4519 998 4554 versus
1016 4518 1102 4553 vereor
1120 4518 1152 4552 ne
1170 4519 1257 4566 parum
1275 4505 1432 4554 intellexerit
1450 4506 1562 4554 Tauxier
1580 4506 1667 4555 Motice
1686 4521 1730 4554 sur
1748 4507 1855 4571 corippe
1873 4516 1899 4557 et
1917 4523 1959 4557 eur
1977 4510 2002 4558 la
2019 4509 2157 4558 lohanuide

532 4590 593 4638 Iter.
613 4590 668 4639 Afr.
689 4591 739 4638 XX
759 4589 825 4641 1876
842 4606 868 4653 p.
884 4590 942 4640 295.
965 4590 1030 4649 296,
1051 4592 1095 4652 qui
1113 4591 1178 4638 banc
1194 4603 1278 4639 rerum
1297 4591 1465 4640 narrationem
1483 4593 1532 4639 sibl
1551 4594 1638 4641 tinxit:
1662 4591 1778 4642 Salomon
1796 4607 1824 4641 ee
1841 4600 1911 4656 porta
1928 4608 1972 4643 sur
1988 4591 2107 4643 l’enneml
2125 4608 2156 4643 eu

531 4677 663 4739 appellant
680 4679 695 4724 t
711 4678 748 4724 lui
767 4676 915 4738 Coutzlnas,
942 4678 1001 4726 chel
1017 4678 1060 4725 des
1078 4677 1215 4725 Mastrakes
1234 4685 1260 4724 et
1277 4677 1452 4726 commendant
1470 4677 1514 4726 des
1533 4679 1665 4739 indigeries
1684 4680 1780 4727 redares
1797 4680 1829 4727 de
1846 4676 1949 4739 l'ouest,
1977 4680 2043 4727 ainsi
2066 4693 2115 4741 que
2134 4679 2157 4726 le

530 4762 579 4810 duc
603 4762 634 4810 de
658 4762 683 4809 la
701 4763 865 4823 Tripolitaine
883 4763 1010 4823 Pelagius.
1049 4764 1084 4812 Le
1108 4763 1279 4811 render-vous
1304 4764 1366 4812 etalt
1387 4765 1402 4811 e
1420 4763 1553 4812 Theveste.
1592 4763 1707 4824 Pelaglue
1732 4772 1850 4813 acoourut
1867 4766 1882 4810 t
1899 4778 1940 4812 ees
1958 4765 2056 4825 ordres3
2083 4766 2154 4823 mais,

531 4847 600 4894 serre
616 4846 647 4894 de
665 4847 722 4909 pres
739 4862 783 4909 par
801 4849 838 4896 les
857 4847 972 4905 Mecales,
994 4849 1061 4897 tribu
1080 4848 1111 4895 de
1126 4847 1152 4894 la
1170 4847 1343 4909 Tripolitaiue,
1364 4848 1385 4895 ll
1404 4861 1430 4896 se
1448 4848 1524 4897 lalana
1541 4848 1648 4911 prendre
1666 4850 1728 4897 dana
1746 4863 1796 4897 une
1815 4849 1963 4897 embuscede
1981 4856 2008 4898 et
2019 4851 2085 4911 perit
2097 4864 2157 4897 areo

528 4939 585 4981 tous
602 4933 639 4979 les
657 4934 735 4981 siena.
770 4933 907 4982 doetrinae
924 4932 956 4981 de
974 4946 1019 4981 eon
1037 4930 1094 4981 cdte
1110 4934 1150 4981 fut
1168 4935 1236 4980 aussi
1254 4934 1326 4981 battu
1345 4946 1377 4980 eu
1396 4940 1468 4983 route
1486 4942 1511 4982 et
1530 4935 1632 4982 n'arrlra
1651 4935 1739 4996 auprte
1757 4935 1788 4983 de
1807 4934 1923 4983 Solomon
1941 4931 2043 4996 qu'avee
2060 4936 2090 4983 de
2108 4937 2157 4983 fai-

531 5018 586 5066 blee
604 5018 688 5067 debris
706 5019 736 5067 de
756 5034 783 5067 ea
799 5026 897 5080 troupe.

616 5119 658 5181 st)
679 5120 749 5170 Proc.
769 5124 795 5171 b.
817 5121 898 5170 Vand.
920 5121 944 5169 11
966 5120 996 5169 10
1014 5128 1132 5182 quattuor
1149 5121 1292 5170 Maurorum
1310 5122 1398 5182 duces,
1418 5123 1558 5183 (lucinam,
1579 5122 1732 5184 Eedilasam‚
1754 5122 1921 5185 luplrruthem
1940 5130 1966 5171 et
1984 5121 2156 5171 Medlelulearn

530 5207 656 5267 numium,
676 5208 720 5269 qul
738 5224 760 5257 a.
781 5207 832 5256 535
849 5209 931 5256 tribus
948 5206 1050 5269 procliis
1068 5220 1124 5255 cum
1143 5207 1309 5256 Romanorum
1326 5209 1438 5256 exercitu
1457 5209 1483 5256 in
1502 5208 1606 5267 Byzacio
1624 5213 1806 5256 concertarent.
1845 5208 1873 5254 ln
1892 5212 1978 5257 monte
1996 5208 2126 5268 Burgaoue
2143 5224 2157 5256 a

530 5292 661 5342 Solomone
679 5293 741 5340 victi
758 5293 784 5340 hi
803 5292 880 5340 duces
898 5305 984 5341 omnes
1002 5299 1101 5356 praeter
1118 5293 1264 5356 Esdllaeam,
1286 5295 1329 5356 qul
1348 5295 1403 5356 lpse
1421 5294 1539 5342 Romanis
1558 5308 1584 5342 se
1603 5292 1709 5353 dedidit,
1729 5294 1882 5354 effugerunt.
1914 5294 1940 5342 11
1954 5292 1985 5342 ll
1998 5295 2041 5342 tin.
2062 5291 2091 5344 rb
2109 5292 2156 5360 μὲν

529 5373 573 5428 οὖν
589 5369 730 5443 Ῥωμαίων
749 5375 892 5445 στράτευμα
910 5374 952 5437 Ebu
970 5394 997 5428 τε
1014 5376 1047 5449 τῇ
1064 5374 1121 5447 λείᾳ
1138 5376 1237 5447 καὶτῷ
1254 5374 1391 5448 Ἐαδιλάαρ
1409 5377 1436 5436 ἐς
1453 5373 1611 5449 Καρχηδόνα
1630 5374 1786 5446 ἐαήλαυνον,
1811 5383 1862 5428 τῶν
1887 5375 1915 5430 δὲ
1935 5375 2069 5449 βαρβάρων
2088 5375 2156 5435 ὅσοις

528 5461 566 5531 μὴ
584 5459 747 5514 ἀπολωλέναι
765 5460 940 5531 ξυμβέβηκεν,
966 5461 992 5515 da
1011 5459 1131 5533 Βυζααίιρ
1151 5463 1197 5531 μὲν
1217 5461 1331 5533 ἱδρῦσθαι
1349 5461 1461 5516 ἀδύνατα
1479 5462 1562 5515 ἐδόκει
1580 5461 1659 5526 εἶναι,
1686 5462 1756 5522 ὅπως
1782 5462 1819 5531 μὴ
1841 5460 1920 5533 ὀλίγοι
1938 5461 2010 5521 ὄντες
2027 5463 2090 5534 πρὸς
2108 5461 2157 5517 Λι-

529 5545 598 5615 βύων
615 5554 666 5599 τῶν
685 5545 753 5617 σφίσι
772 5546 873 5616 ὁμόρων
893 5546 1036 5615 βιάζωνται.
1075 5546 1117 5610 ξὺν
1143 5547 1171 5601 δὲ
1188 5547 1300 5621 ιἄρχουσι
1321 5553 1377 5608 τοῖς
1401 5547 1531 5620 σφετέροις
1555 5548 1591 5609 εἰς
1610 5545 1751 5617 Ναυμιδὶαν
1775 5547 1927 5618 ἀφικόμεναι
1947 5548 2029 5601 ἱκέται
2046 5547 2158 5620 γίνονται

529 5630 623 5703 Ἰάβδρ,
645 5631 673 5690 ὃς
691 5640 741 5686 τῶν
760 5631 787 5685 ἐν
806 5629 925 5702 Αὐρασίῳ
944 5628 1114 5702 Μαυρουσίων
1132 5632 1206 5705 ἦρχε.

616 5734 657 5799 82)
678 5735 774 5784 Nomen
797 5738 882 5798 gentis
900 5738 930 5785 ab
949 5737 1005 5785 aliie
1024 5738 1186 5800 scriptoribus
1205 5751 1254 5786 non
1273 5743 1437 5787 memoratum
1455 5751 1506 5787 nno
1524 5745 1621 5786 tantum
1641 5736 1791 5786 lolrannldoe
1809 5751 1900 5799 versu,
1928 5740 2002 5788 unlus
2019 5739 2094 5787 lectio
2111 5753 2157 5800 pa·

528 5835 585 5871 rum
604 5828 671 5871 certa
689 5821 796 5883 uidetur,
818 5826 932 5872 occurrit.
