5030 6734
962 529 1191 589 lohahbrnos
1209 533 1280 588 LIB.
1302 532 1353 588 III.

825 724 1018 810 praecipitur
1038 723 1177 809 placidis
1201 723 1369 790 Liberatus
1392 723 1498 789 dicere
1521 724 1638 790 verbis.

740 828 846 912 paruit
867 827 923 895 ille
945 828 1048 909 celer,
1073 828 1172 912 plena
1195 828 1243 893 sio
1264 846 1342 893 voce
1364 828 1499 894 locutus.

744 931 860 1013 ‘nitor,
888 951 1010 997 summe
1034 931 1160 1013 ducum,
1187 950 1302 997 musas
1324 951 1454 997 narrare
1478 931 1633 997 malorum

739 1040 772 1100 et
793 1034 890 1099 iussis
912 1054 1025 1119 parere
1046 1034 1121 1099 tuis.
1168 1035 1245 1100 dum
1267 1033 1375 1099 dicere
1396 1041 1532 1120 tempto,

739 1135 868 1202 flamma
888 1156 1006 1202 nocens
1028 1136 1148 1220 surgit,
1174 1136 1303 1219 gelidus
1325 1136 1513 1222 praecordia
1534 1136 1666 1219 sanguis

738 1240 862 1324 turbat,
888 1247 922 1305 ct
941 1246 1083 1306 attentae
1105 1239 1159 1305 vix
1182 1239 1287 1324 prodit
1309 1240 1420 1306 fabula
1442 1240 1581 1324 linguae.

738 1343 898 1428 praecipis
922 1343 992 1428 ipse
1015 1363 1103 1408 meos
1124 1343 1240 1409 iterum
1263 1363 1314 1408 me
1336 1344 1420 1410 ferre
1442 1344 1584 1425 labores,

739 1445 815 1511 dum
839 1445 941 1512 refero
964 1465 1097 1512 saevum
1119 1446 1205 1529 quod
1228 1447 1359 1531 pertulit
1379 1446 1489 1512 Africa
1510 1447 1641 1513 bellum.

739 1548 797 1615 sed
818 1549 895 1632 quia
916 1550 1005 1617 celsa
1026 1557 1174 1635 premunt
1196 1550 1390 1615 dominantis
1411 1551 1501 1616 iussa
1522 1550 1684 1634 magistri,

739 1652 812 1718 hinc
834 1653 943 1738 procul
966 1660 1053 1735 esto,
1079 1651 1177 1718 dolor.
1225 1673 1341 1737 magno
1363 1653 1427 1718 iam
1450 1653 1588 1720 vinceris
1609 1673 1701 1718 ausu.

738 1755 915 1839 parendum
938 1762 988 1821 est
1008 1755 1105 1821 iussis
1129 1755 1303 1839 humilique
1326 1776 1444 1841 pavore
1466 1757 1677 1838 sequendum.

825 1858 979 1945 principio
1002 1858 1148 1943 geminas
1169 1858 1234 1924 iam
1257 1866 1403 1926 senserat
1423 1859 1533 1925 Africa
1554 1866 1673 1945 pestes.

740 1982 823 2027 nunc
843 1961 958 2027 iterum
980 1961 1127 2046 geminas
1149 1962 1246 2027 sentit
1267 1962 1451 2027 miseranda
1471 1962 1590 2027 ruinas.

739 2065 856 2130 linibus
878 2065 912 2130 in
934 2065 1050 2131 nostris
1072 2072 1142 2130 orta
1163 2072 1229 2147 est,
1254 2085 1338 2148 quae
1360 2065 1460 2131 crevit
1480 2065 1515 2130 in
1536 2066 1660 2131 orbem.

738 2167 898 2253 impietas.
947 2167 1097 2233 Guenlan
1118 2167 1244 2233 miseris
1266 2175 1316 2233 est
1335 2168 1435 2234 tristis
1457 2168 1546 2250 origo

738 2270 857 2336 Antala
877 2277 1029 2337 nascente
1050 2270 1128 2335 fero.
1176 2290 1249 2335 nam
1270 2277 1412 2355 tempore
1434 2270 1540 2356 prisco

739 2394 802 2459 pax
825 2380 894 2440 erat
914 2374 948 2439 in
970 2374 1093 2440 cuncfis
1115 2373 1238 2458 Libyae
1259 2374 1419 2440 tutissima
1440 2375 1543 2441 terms.

738 2477 902 2559 gaudebat
922 2476 1105 2543 miseranda
1126 2477 1218 2542 novis
1240 2484 1352 2542 ornata
1373 2477 1499 2543 coronis

737 2580 857 2646 Africa.
904 2581 1075 2647 nectebant
1096 2579 1191 2646 flavis
1213 2588 1381 2664 gestamen
1401 2581 1509 2647 aristis

737 2684 916 2767 agricolae,
942 2684 1099 2766 solitoque
1121 2686 1240 2750 rubens
1261 2685 1296 2749 in
1318 2685 1451 2770 palmite
1473 2684 1635 2767 Bacchus,

736 2788 868 2872 Paxque
890 2807 950 2853 sua
971 2788 1089 2853 laetam
1111 2787 1241 2871 fulgens
1263 2789 1397 2854 ornabat
1417 2788 1513 2853 oliva,

737 2910 839 2974 usque
860 2889 904 2955 ad
925 2896 973 2956 ter
995 2889 1096 2956 denos
1116 2890 1255 2956 Antalae
1276 2889 1383 2957 floruit
1403 2910 1505 2956 annos

735 2993 913 3074 nascentis,
939 2992 1101 3076 nostrique
1123 3001 1236 3079 potens
1258 3014 1333 3079 pars
1355 2995 1496 3060 maxima
1518 2994 1628 3060 mundi

627 3121 640 3158 s
735 3097 867 3179 claruit,
893 3103 928 3162 ut
949 3103 1014 3162 toto
1036 3096 1245 3182 praefulgens
1265 3097 1394 3163 Lucifer
1414 3118 1476 3164 axe

735 3200 900 3266 stellarum
921 3198 1068 3265 flammas
1090 3198 1221 3266 flamma
1243 3201 1373 3267 meliore
1395 3201 1540 3267 revincit.

734 3324 816 3388 quae
838 3302 928 3371 dedit
949 3303 984 3368 in
1005 3303 1123 3369 nostris
1145 3304 1252 3388 proles
1275 3304 1434 3370 Guenfeia
1455 3305 1568 3389 terris,

733 3425 856 3474 summe
878 3414 984 3493 pater,
1011 3406 1108 3491 capiti
1130 3406 1272 3491 ipsoram
1294 3408 1468 3491 generique
1491 3428 1630 3474 reserva.

734 3510 887 3594 parvulus
909 3510 965 3575 ille
988 3509 1066 3575 feris
1088 3509 1142 3575 vix
1164 3510 1298 3594 contigit
1318 3512 1419 3577 ubera
1441 3511 1556 3577 labris:

606 3650 636 3682 eo
731 3612 867 3678 terribili
888 3612 1009 3678 monitu
1031 3613 1095 3678 ianr
1118 3612 1182 3678 iam
1205 3611 1388 3679 flammante
1411 3614 1579 3698 Megaera,

732 3716 820 3782 fama
841 3716 931 3782 volat
950 3715 1123 3782 metuenda
1144 3736 1274 3783 canens.
1321 3738 1459 3801 namque
1481 3717 1647 3783 Ammonis
1668 3718 1741 3803 ipse

732 3819 854 3904 templa
875 3819 955 3904 petit
977 3819 1129 3885 simulata
1150 3827 1253 3905 pater.
1300 3828 1375 3887 tunc
1397 3821 1495 3906 prolis
1517 3821 1646 3905 iniquae

733 3923 801 3988 iata
821 3923 961 3989 terrenda
983 3942 1119 4006 rogans,
1145 3931 1265 3990 mactat
1285 3923 1326 3989 de
1348 3945 1435 3991 more
1457 3925 1589 4010 proferro

732 4025 862 4092 horrida
883 4046 975 4092 sacra
997 4026 1076 4092 Iovi.
1123 4026 1230 4093 tristes
1252 4035 1286 4093 et
1306 4028 1473 4121 Quis
1487 4048 1561 4094 aras

732 4129 808 4196 inde
830 4121 960 4215 petens,
985 4130 1108 4196 Phoebi
1129 4129 1272 4216 tripodas
1295 4131 1468 4214 laurusque
1490 4131 1632 4215 requirit.

732 4233 875 4299 funditur
897 4233 1063 4300 horrendis
1086 4234 1218 4318 sanguis
1240 4234 1475 4300 maestissimus
1496 4235 1578 4318 aris,

732 4337 999 4420 omnigenumque
1021 4357 1119 4422 pecus
1141 4344 1261 4402 mactat
1282 4337 1396 4404 vittata
1411 4337 1585 4425 ‚sacerdon

732 4440 800 4505 fata
821 4460 965 4507 movens.
1012 4440 1112 4526 raptis
1134 4440 1271 4524 primum
1292 4441 1452 4524 qnaesivit
1472 4441 1507 4507 in
1530 4443 1613 4508 extis

730 4543 905 4630 inspiciens
931 4543 1041 4627 (series
1062 4543 1157 4609 latuit
1178 4543 1375 4629 longissima)
1401 4544 1515 4627 fibras,

733 4646 876 4730 duraque
898 4645 1062 4731 perpetuis
1083 4645 1218 4731 imponit
1239 4646 1363 4712 viscera
1384 4646 1532 4714 flammis.

730 4749 807 4816 inde
829 4750 919 4815 ferox
941 4748 1079 4833 rapitur,
1106 4749 1210 4814 subito
1232 4756 1379 4835 correpta
1399 4750 1522 4835 furore,

731 4852 883 4918 terribilis
904 4870 1090 4935 mersosque
1111 4852 1206 4917 simul
1228 4872 1286 4937 per
1307 4853 1432 4919 viscera
1453 4855 1571 4920 cultros

730 4956 883 5040 imprimit
903 4955 976 5040 ipsa
996 4955 1069 5021 sibi.
1116 4956 1236 5020 multus
1258 4956 1299 5022 de
1321 4976 1452 5042 corpore
1474 4958 1608 5042 sanguis

730 5059 851 5143 influit,
877 5066 910 5125 et
931 5060 1040 5124 crebro
1062 5059 1206 5142 geminat
1226 5079 1298 5125 curn
1321 5061 1453 5127 vulnere
1475 5061 1605 5129 ferrum.

604 5197 635 5237 or
731 5163 825 5247 erigit
846 5163 914 5229 alta
935 5182 1053 5229 comas.
1101 5170 1175 5228 tunc
1196 5161 1346 5229 flammea
1367 5164 1489 5230 lumina
1509 5172 1635 5249 torquet

731 5266 922 5350 subsiliens,
947 5266 1114 5350 saltusque
1136 5272 1219 5332 rotat
1239 5265 1405 5351 flexusque
1427 5268 1586 5351 malignos

349 5436 484 5444 -——..-
491 5436 755 5448 -·-—---—----—-

414 5523 446 5572 59
464 5524 560 5585 placide
573 5523 652 5573 Mosa.
760 5522 891 5570 Liberatus
903 5521 987 5579 Beue,
1007 5521 1104 5570 libratis
1118 5520 1139 5567 Τ
1242 5519 1275 5569 53
1293 5520 1395 5570 locutus
1410 5521 1431 5568 Τ
1534 5522 1565 5571 57
1586 5528 1697 5572 attentae
1710 5521 1799 5583 Mam,
1818 5529 1917 5574 actem
1931 5524 1963 5588 Τ,

343 5611 462 5658 attonitae
474 5609 590 5658 ἀιὺίωηι
601 5610 676 5660 seer.
774 5606 807 5657 aa
825 5606 1034 5669 quaerebas.
1131 5606 1165 5655 65
1183 5608 1267 5655 orbem
1278 5606 1366 5667 aaa„
1386 5607 1480 5656 orbeT
1577 5607 1609 5656 79
1628 5609 1779 5658 nectebat?
1872 5609 1902 5659 71
1922 5624 1964 5659 so·

344 5695 487 5756 lltosqnel
574 5693 789 5754 cannameles„
804 5692 912 5742 snaml'
996 5692 1188 5753 orruabaetm„
1204 5694 1275 5740 nllnr
1290 5692 1319 5753 Τ,
1333 5693 1423 5741 ohaam
1437 5692 1515 5743 Mors.
1606 5693 1774 5742 ibamtalel'
1862 5695 1965 5744 linas·

342 5780 464 5830 centcsl'
558 5779 590 5829 79
610 5780 753 5841 arrhata,
768 5780 861 5827 mox'l
956 5777 988 5827 89
1006 5780 1174 5841 apollnislm
1190 5779 1209 5825 Τ
1306 5779 1338 5827 85
1356 5779 1489 5841 laurosque
1503 5778 1580 5827 birras.
1678 5777 1711 5828 89
1730 5780 1859 5841 quaesiuit
1872 5780 1962 5843 Mosa,

343 5880 392 5928 qne
409 5866 520 5915 scnitT
621 5864 654 5915 89
672 5867 746 5912 latrrit
767 5866 794 5919 Τ,
817 5867 898 5926 patuit
916 5865 991 5914 seat.
1097 5866 1131 5913 99
1148 5866 1251 5925 diraque
1268 5866 1356 5913 malim
1460 5864 1490 5913 91
1511 5865 1664 5927 corrupta?
1768 5865 1801 5913 99
1819 5866 1947 5917 nrrllnsT
