5034 6730
1347 537 1496 594 ocurrer
1533 608 1534 611 p

1000 729 1130 795 ‘duram
1154 748 1220 796 rern
1242 730 1368 815 petitis,
1394 731 1574 813 frustraque
1595 729 1739 812 instatis,
1764 727 1871 794 amici.

878 852 893 885 ··
996 851 1072 914 ergo
1094 833 1296 917 superposita
1316 840 1413 918 caput
1433 834 1494 899 hoc
1515 834 1633 899 ornabo
1655 853 1785 914 corona,

996 936 1123 1016 quando
1146 937 1301 1001 lustinum
1323 937 1445 1003 tristem
1467 935 1559 1003 decet
1580 941 1674 1002 esset
1700 957 1757 1020 per
1778 936 1885 1001 orbem

995 1037 1071 1103 dere
1093 1039 1181 1105 libet.
1229 1047 1351 1122 patrem
1375 1059 1425 1105 res
1448 1040 1577 1123 publica
1599 1039 1704 1123 perdit
1725 1046 1757 1106 et
1778 1039 1882 1120 orbis,

995 1161 1056 1205 non
1080 1141 1251 1207 dominum.
1299 1163 1392 1225 quenr
1415 1163 1477 1207 non
1499 1142 1657 1209 bominem
1682 1143 1799 1227 pietate
1821 1142 1961 1225 benigna

995 1246 1165 1327 continuit,
1191 1245 1285 1328 fovit,
1311 1247 1450 1329 monuit,
1476 1246 1621 1327 nutrivit,
1647 1247 1786 1311 amarit?

996 1353 1028 1410 et
1048 1355 1154 1413 tanuen
1177 1349 1314 1413 innocuo
1337 1350 1445 1433 plures
1467 1349 1596 1414 voluere
1619 1369 1745 1414 nocere.
1795 1341 1799 1349 ’

996 1470 1058 1514 non
1080 1459 1166 1516 caret
1187 1452 1311 1517 invidia
1332 1453 1422 1535 regni
1445 1453 1546 1517 locus.
1592 1452 1646 1518 ibo
1668 1460 1817 1536 paternas

994 1554 1094 1619 tristis
1116 1555 1148 1618 in
1170 1555 1340 1638 exequias:
1366 1556 1490 1637 regalia
1512 1555 1605 1638 signa
1626 1558 1762 1621 reeuso'.

1081 1658 1158 1723 talia
1180 1658 1315 1723 dicentis
1337 1659 1473 1742 pedibus
1496 1665 1654 1743 prostrata
1675 1659 1846 1742 iacensque

995 1760 1097 1824 ornnis
1119 1761 1211 1826 turba
1234 1761 1329 1825 simul
1356 1761 1445 1846 ‘pius
1469 1781 1521 1841 es,
1548 1761 1713 1826 miserere’
1737 1769 1862 1846 perorat

871 1881 900 1921 11
999 1863 1231 1947 ‘supplicibus,
1257 1864 1306 1928 vir
1329 1871 1454 1945 sancte,
1481 1865 1560 1929 tuis:
1589 1885 1736 1929 succurre
1759 1865 1899 1949 periclis.

995 1966 1100 2033 onrnia
1121 1987 1196 2030 mox
1218 1967 1365 2032 veniente
1388 1967 1440 2033 die
1463 1968 1596 2052 periisse
1619 1968 1763 2051 videbis,

995 2070 1022 2133 si
1045 2090 1179 2134 vacuam
1202 2071 1319 2151 vulgus
1342 2071 1411 2135 sine
1434 2070 1576 2154 principe
1599 2071 1735 2136 senserit
1756 2072 1875 2135 aulana.

996 2180 1283 2255 quantumcumque
1306 2174 1380 2238 boni
1403 2182 1530 2239 moveat
1550 2174 1678 2239 dilectio
1700 2174 1817 2258 patris,

995 2296 1056 2339 non
1080 2276 1122 2341 sit
1143 2297 1231 2340 anror
1252 2276 1375 2361 patriae
1398 2277 1500 2361 patrio
1523 2278 1635 2342 minor.
1681 2278 1750 2363 ipse
1772 2287 1880 2342 tenere
1979 2308 1987 2327 2

995 2387 1120 2463 sceptra
1141 2387 1215 2445 tuus
1236 2380 1375 2444 moriens
1396 2387 1428 2445 te
1450 2380 1545 2445 iussit
1567 2381 1743 2446 avunculus
1765 2401 1830 2445 ore.

996 2483 1103 2567 aspice
1126 2491 1245 2564 quanta
1266 2484 1327 2547 fuit
1349 2491 1476 2548 nostrae
1499 2484 1593 2548 simul
1616 2484 1704 2549 urbis
1727 2494 1759 2549 et
1780 2483 1865 2549 orbis

995 2585 1129 2669 provida
1151 2605 1227 2651 cura
1249 2587 1330 2651 seni,
1376 2607 1433 2672 pro
1455 2594 1486 2651 te
1509 2587 1589 2652 dens
1611 2587 1718 2653 omnia
1740 2587 1831 2669 lecit,

996 2709 1078 2772 quae
1101 2690 1169 2754 fieri
1193 2690 1302 2755 voluit.
1350 2691 1465 2755 solium
1487 2690 1665 2756 conscende
1687 2697 1871 2774 paternum,

997 2799 1029 2857 et
1050 2812 1125 2875 rege
1147 2793 1342 2875 subiectum,
1369 2793 1518 2878 princeps
1541 2793 1729 2875 fortissime,
1755 2793 1918 2859 muudum.

889 2914 901 2951 ⁵
996 2915 1095 2961 aurea
1115 2905 1265 2961 nascetur
1286 2897 1378 2962 vobis
1400 2897 1608 2979 regnantibus
1631 2904 1738 2979 aetas,

996 3017 1055 3061 nec
1077 3005 1204 3064 rnutaus
1227 2999 1370 3065 donrinos
1393 3002 1536 3065 Romana
1558 3000 1720 3066 videbitur
1741 3000 1841 3064 aula'.

1082 3102 1213 3167 vocibus
1235 3103 1285 3168 bis
1307 3103 1410 3171 flexus
1433 3105 1530 3169 cessit
1550 3103 1696 3169 tandem:
1724 3102 1786 3168 itur
1806 3103 1839 3168 in
1861 3123 1967 3167 arcein

998 3205 1151 3287 obsequio
1175 3206 1344 3272 comitante
1366 3215 1503 3292 patrum.
1549 3207 1734 3290 gratissima
1756 3206 1870 3271 coniux

997 3309 1214 3391 subsequitur,
1241 3331 1303 3375 non
1325 3318 1401 3375 tunc
1423 3312 1515 3376 solito
1537 3311 1656 3395 stipata
1677 3310 1826 3376 tumultu.

995 3412 1146 3478 incedunt
1168 3414 1275 3478 nredia
1296 3435 1441 3478 securam
1463 3422 1554 3479 nocte
1578 3435 1634 3498 per
1656 3414 1765 3479 urbern

997 3513 1099 3581 fronte
1122 3537 1232 3600 parurn
1256 3517 1349 3595 laeti,
1377 3517 1523 3600 quamvis
1545 3517 1706 3599 gaudente
1729 3523 1842 3582 senatu

898 3646 901 3651 ⁴
978 3618 1162 3709 imperium
1186 3629 1345 3705 peterent,
1371 3641 1562 3703 quamquam
1585 3620 1692 3685 omnia
1713 3626 1782 3685 tuta
1804 3618 1959 3684 riderent.

997 3721 1115 3787 divinis
1138 3723 1253 3788 anirnis
1275 3723 1379 3788 inerat
1400 3724 1491 3788 dolor
1512 3724 1568 3787 ille
1590 3723 1743 3808 parentis.
1958 3726 1961 3730 ’

996 3832 1070 3890 ante
1093 3825 1162 3909 pios
1184 3826 1292 3891 oculos
1314 3826 1401 3891 mitis
1423 3834 1568 3892 versatur
1590 3827 1706 3909 imago.

888 3947 901 3984 r
995 3927 1054 3992 illa
1075 3936 1181 3994 urovct
1201 3937 1357 4012 mentera,
1383 3930 1571 4014 penitusque
1594 3929 1627 3993 in
1648 3938 1775 4013 pectore
1797 3935 1928 4010 utroque

995 4029 1134 4095 indivisa
1155 4052 1287 4096 manens
1310 4033 1364 4116 pria
1385 4032 1516 4097 nurnina
1537 4033 1664 4097 nunrine
1688 4032 1834 4116 complet.

1081 4132 1178 4198 limen
1201 4145 1236 4199 ut
1257 4136 1422 4217 Augustae
1445 4155 1535 4200 sacro
1557 4135 1640 4219 pede
1663 4135 1794 4218 contigit
1815 4135 1925 4215 aulae,

996 4237 1101 4301 omnia
1122 4237 1279 4320 gallorum
1303 4245 1505 4322 strepuerunt
1526 4238 1666 4303 culnrina
1688 4247 1792 4303 cantu.

996 4347 1141 4405 exactam
1163 4348 1286 4406 noctem
1311 4341 1403 4426 primi
1425 4361 1554 4407 sensere
1576 4343 1737 4422 volueres,

996 4450 1028 4508 et
1049 4444 1169 4508 laetum
1193 4445 1336 4509 cecinere
1359 4444 1460 4523 diem,
1486 4445 1672 4527 alarumque
1695 4445 1812 4510 dedere

996 4546 1162 4630 plausibus
1184 4547 1330 4612 adsiduis
1353 4555 1385 4614 et
1405 4556 1501 4613 acuta
1523 4569 1599 4614 voce
1622 4548 1773 4613 favorem.

1081 4650 1234 4715 excubiae
1257 4650 1409 4735 primunr,
1435 4670 1518 4733 quae
1541 4672 1665 4716 surnnra
1687 4652 1807 4737 palatia
1828 4659 1971 4729 seruant,

995 4752 1162 4837 imperium
1184 4753 1263 4818 felix
1287 4752 1424 4818 dominis
1446 4755 1636 4820 intrantibus
1660 4762 1785 4838 optant,

995 4864 1027 4921 et
1050 4864 1178 4921 cunctos
1198 4856 1305 4921 aditus
1328 4867 1449 4923 armato
1471 4858 1570 4923 nrilite
1593 4858 1731 4940 vallant,

851 4982 857 4997 ·
887 4983 899 5019 r
995 4980 1035 5025 ne
1058 4959 1130 5043 quis
1152 4960 1186 5023 in
1210 4960 1387 5042 Augustam
1410 4961 1585 5026 contrarius
1607 4960 1726 5026 audeat
1747 4961 1853 5025 aulam

994 5063 1153 5128 infensum
1176 5064 1318 5129 conferre
1340 5062 1466 5148 pedoni.
1514 5064 1640 5129 devotio
1663 5071 1753 5130 tanta

995 5173 1090 5250 atque
1113 5167 1274 5232 hominurn
1298 5168 1424 5232 cautela
1445 5167 1505 5233 luit
1528 5168 1703 5250 sollersque
1725 5168 1878 5233 bonorurn

995 5269 1175 5335 sollicitudo
1197 5277 1331 5355 patruni.
1378 5291 1453 5335 narn
1475 5270 1546 5353 quis
1568 5277 1738 5356 temptaret
1758 5271 1889 5353 obesse,

681 5515 727 5564 tot
746 5517 821 5564 emilii
843 5514 869 5561 M
992 5508 1038 5563 ltu
1056 5527 1111 5561 esse
1130 5527 1173 5575 per
1191 5516 1275 5562 orbern
1296 5514 1329 5573 M,
1349 5529 1405 5563 esse
1424 5521 1494 5577 patre
1511 5516 1597 5563 orbum
1616 5513 1701 5573 narrt,
1721 5530 1756 5563 un
1773 5530 1870 5563 vermm
1888 5520 1967 5563 tetrum
1984 5518 2095 5577 spurium
2112 5519 2224 5575 erederet,

610 5601 733 5661 «lubitum,
753 5616 817 5650 esse.
838 5607 932 5662 patrem
950 5603 1015 5649 crbls
1034 5602 1108 5660 Fopp.
1223 5599 1268 5648 lbi
1288 5602 1372 5662 perdit
1390 5610 1415 5648 et
1435 5601 1470 5663 M,
1490 5601 1601 5663 perdidit
1619 5603 1693 5661 lbpp.
1803 5601 1850 5650 ttd
1869 5602 1963 5665 perisse
1982 5599 2011 5647 M
2115 5603 2161 5652 lli
2182 5620 2227 5653 111-

611 5701 684 5750 qrrsur
707 5687 732 5733 M
836 5686 884 5736 tta
903 5688 1001 5734 probeat
1020 5685 1049 5732 M
1154 5686 1200 5734 llll
1219 5688 1297 5733 teneri
1319 5686 1346 5732 Μ
1449 5688 1497 5736 186
1516 5687 1616 5736 uidetur
1635 5686 1662 5733 Μ
1766 5686 1814 5736 119
1832 5690 1906 5735 sollte
1927 5692 1937 5734 Ι
1956 5702 2003 5747 m.,
2023 5690 2180 5741 1111119111.
2201 5690 2229 5737 Μ

614 5773 659 5822 195
679 5780 762 5821 nuntiet
781 5772 807 5818 Μ
913 5772 960 5821 lue
978 5774 1089 5820 enlrniue
1109 5772 1136 5820 Μ
1238 5771 1283 5820 2111
1305 5773 1416 5821 adsiduis
1438 5778 1448 5820 1
1468 5790 1513 5833 m.,
1534 5773 1728 5821 111111111911.
1750 5772 1779 5820 Μ
1881 5772 1929 5823 205
1949 5788 2005 5821 111111
2026 5773 2060 5834 Μ,
2081 5789 2130 5823 nen
2148 5777 2227 5823 Vorrrk

612 5860 679 5906 lert.
699 5862 733 5907 68
837 5864 952 5906 temtaret
971 5857 999 5904 Μ
