5030 6734
1280 547 1426 604 CORIPPI

930 736 974 802 ad
995 737 1071 821 iuga
1094 738 1176 803 colla
1198 744 1323 822 parant.
1370 739 1590 823 poscentibus,
1616 738 1741 821 inclite,
1767 758 1874 825 parce.

929 860 1056 907 oramus
1077 860 1190 926 pacem
1211 849 1244 906 et
1264 841 1425 926 placidam
1447 848 1520 928 post
1540 843 1629 908 bella
1650 842 1815 925 quietem'.

1015 945 1074 1011 has
1096 945 1180 1011 iuter
1201 964 1295 1011 voces
1317 944 1422 1028 ignari
1444 966 1605 1011 murmma
1626 946 1717 1029 vulgi

929 1048 963 1112 in
985 1047 1097 1114 castris
1120 1067 1255 1114 sonuere
1277 1048 1378 1114 ducis.
1428 1049 1583 1132 ‘quonam
1605 1068 1706 1132 usque
1728 1048 1855 1115 necabit

929 1152 1062 1236 agmina
1083 1152 1184 1217 multa
1205 1151 1328 1217 fames?
1371 1151 1458 1217 vitae
1481 1171 1556 1238 spes
1577 1152 1668 1217 nulla
1690 1153 1851 1236 salusque.

929 1256 1120 1321 conterimur
1140 1254 1324 1321 miseranda
1345 1258 1484 1321 manus'.
1532 1255 1670 1321 ductoris
1693 1263 1728 1321 ut
1748 1276 1843 1321 aures

930 1359 1062 1442 contigit
1082 1358 1138 1424 ille
1161 1377 1275 1439 sonus,
1301 1360 1442 1441 graviter
1464 1366 1636 1425 commotus
1658 1359 1822 1424 inaurem

930 1460 977 1526 sic
998 1459 1146 1526 Reciuari
1167 1461 1222 1527 ait.
1252 1461 1426 1527 ‘infaustas
1448 1481 1532 1527 nuuc
1553 1482 1626 1527 arce
1649 1461 1796 1545 querelas

930 1564 1040 1629 militis
1061 1563 1182 1647 ignavi.
1230 1584 1387 1646 quaenam
1411 1563 1572 1630 dementia
1595 1563 1699 1630 cordis

929 1667 1119 1752 praecipitat
1139 1668 1273 1733 miseras
1296 1667 1429 1732 confusa
1450 1675 1556 1734 mente
1579 1673 1746 1733 catervas?

930 1779 1062 1836 cernunt
1083 1771 1219 1854 legatos.
1266 1777 1400 1855 poscunt
1421 1791 1495 1837 mea
1517 1771 1650 1837 foedera
1671 1776 1799 1855 gentes,

930 1880 1015 1939 stam
1036 1874 1174 1940 humiles
1196 1874 1405 1959 precibusque
1428 1882 1550 1959 rogant.
1597 1875 1631 1940 hi
1652 1881 1761 1940 nostra
1782 1881 1930 1940 retexunt

929 1977 1041 2045 intima
1063 1984 1283 2060 secretumque
1305 1979 1434 2043 malum.
1481 1998 1538 2063 pro
1560 1979 1701 2064 pessima
1722 1985 1863 2043 ventrem

930 2081 1022 2145 turba
1045 2081 1152 2146 colens
1173 2080 1236 2146 ritu
1257 2081 1416 2165 pecudum
1438 2083 1490 2147 vel
1513 2101 1599 2147 more
1621 2080 1789 2147 ferarum'!

930 2183 1017 2249 ilicet
1038 2183 1209 2268 egrediens
1230 2184 1366 2269 placidis
1389 2185 1475 2250 celer
1496 2184 1602 2249 omnia
1623 2184 1730 2249 verbis

930 2307 1091 2352 murmura
1112 2287 1311 2372 compressit,
1338 2287 1479 2353 referens
1501 2294 1672 2373 praecepta
1692 2286 1848 2370 magistri.

930 2397 1098 2475 postquam
1121 2390 1208 2456 facta
1229 2390 1337 2475 quies,
1364 2390 1482 2475 legatis
1503 2391 1637 2475 gnarior
1658 2390 1729 2476 ipse

931 2493 1042 2560 ductor
1063 2494 1118 2560 ait.
1170 2496 1293 2561 ‘noster
1314 2514 1394 2576 quas
1415 2514 1500 2560 nuuc
1520 2494 1679 2560 exercitus
1700 2495 1766 2560 iras

930 2596 1064 2680 fuderit,
1090 2596 1238 2662 audistis.
1285 2596 1421 2682 cupidus
1444 2597 1512 2663 fera
1533 2597 1657 2683 proelia
1677 2597 1770 2662 miles

930 2720 988 2785 per
1009 2708 1138 2783 gentem
1159 2700 1295 2766 bansire
1317 2707 1427 2785 parat,
1454 2700 1640 2767 sed'ncstra
1662 2706 1803 2787 potestas

930 2822 1061 2888 parcere
1083 2802 1235 2869 subiectis
1257 2822 1384 2888 semper
1405 2803 1522 2870 studet.
1567 2824 1657 2869 arma
1677 2809 1822 2869 tenentes

931 2906 1121 2972 conterimus
1144 2907 1297 2992 populos,
1324 2906 1461 2972 humiles
1483 2906 1622 2972 ascimus
1644 2907 1774 2973 amicos.

882 3053 884 3057 -
930 3010 992 3093 ite,
1017 3011 1090 3076 viri.
1137 3009 1165 3075 si
1187 3017 1274 3076 certa
1295 3009 1377 3076 ides
1399 3030 1473 3077 mea
1494 3009 1626 3077 foedera
1646 3011 1765 3095 poscit,

930 3113 1046 3179 tradite
1069 3120 1177 3180 vestra
1197 3113 1278 3180 meis
1299 3120 1445 3180 natorum
1466 3114 1602 3199 pignora
1623 3115 1755 3197 castris,

931 3224 963 3283 et
983 3237 1096 3302 pacem
1118 3217 1252 3284 retinete
1273 3239 1389 3283 meam.
1435 3237 1537 3302 genus
1559 3238 1652 3284 omne
1673 3218 1814 3284 manebit

930 3339 1077 3399 securum
1099 3320 1259 3386 Astrieum
1280 3328 1387 3386 nostm
1410 3321 1469 3385 sub
1491 3320 1632 3406 principe
1653 3321 1805 3406 polleus‘.

930 3423 1011 3489 haec
1033 3420 1118 3488 fatus
1141 3421 1234 3488 donis
1255 3431 1375 3489 onerat.
1423 3423 1544 3490 servire
1566 3423 1706 3491 latentur

930 3528 1071 3593 Romano
1093 3526 1244 3612 imperio,
1270 3534 1363 3593 natos
1385 3547 1441 3612 pro
1463 3526 1597 3612 pignore
1618 3529 1708 3613 pacis

929 3630 1063 3715 polliciti
1085 3637 1248 3715 praestare
1271 3649 1356 3696 suos.
1403 3629 1519 3696 virtute
1542 3630 1672 3697 Latinos

930 3740 963 3800 et
984 3733 1140 3819 probitate
1162 3734 1306 3818 probant.
1352 3733 1488 3799 laudant
1508 3733 1655 3816 viresque
1676 3733 1836 3816 fidemque

929 3835 1083 3921 principis
1105 3843 1201 3920 atque
1223 3835 1326 3903 ducis.
1372 3842 1535 3921 composta
1555 3856 1634 3921 pace
1656 3836 1819 3903 recedunt.

1015 3945 1048 4003 at
1070 3939 1180 4023 procul
1202 3939 1236 4004 in
1258 3959 1387 4024 campos
1410 3940 1594 4023 squalentes
1616 3940 1721 4005 fessus
1742 3940 1875 4023 Ilaguas

930 4041 1058 4107 errabat
1079 4041 1206 4122 sitiens,
1232 4061 1292 4107 nec
1313 4048 1419 4107 tantos
1441 4042 1523 4107 ferre
1546 4042 1671 4108 labores

929 4145 992 4210 iam
1014 4150 1141 4229 poterat
1162 4144 1337 4228 duramque
1359 4144 1488 4211 famem.
1533 4147 1587 4211 via
1608 4147 1698 4211 nulla
1719 4144 1832 4211 salaba

931 4254 963 4313 et
984 4246 1108 4312 nullum
1129 4253 1322 4313 monstratur
1342 4248 1412 4313 iter.
1459 4255 1532 4333 post
1552 4255 1644 4332 terga
1664 4249 1839 4333 lohannes,

929 4350 963 4414 in
985 4349 1101 4416 faciem
1122 4351 1239 4417 nimius
1262 4350 1341 4417 solis
1363 4352 1461 4417 calor.
1507 4352 1647 4436 undique
1668 4352 1758 4436 genti

930 4472 1014 4518 mors
1036 4461 1105 4519 crat
1125 4461 1200 4520 ante
1222 4454 1341 4521 oculos.
1388 4474 1447 4519 nec
1468 4454 1601 4521 tendere
1623 4461 1743 4521 rectum

930 4575 989 4621 nec
1011 4557 1093 4641 potis
1115 4566 1165 4625 est
1187 4578 1338 4624 revocare
1359 4557 1505 4641 gradmu.
1553 4557 1685 4624 confusa
1706 4557 1835 4643 periclis

928 4658 1027 4724 anxia
1048 4660 1141 4725 turba
1162 4661 1271 4744 gemit.
1318 4667 1450 4727 mortem
1473 4668 1574 4727 orant.
1620 4660 1666 4728 ire
1689 4669 1859 4726 retrorsum

929 4762 1088 4847 persuasit
1108 4762 1236 4828 fortuna
1257 4783 1395 4845 nocens,
1421 4764 1590 4848 gentisque
1612 4763 1772 4830 nefandae

929 4864 1104 4935 infaustum
1127 4865 1256 4931 divertit
1277 4866 1346 4932 iter.
1394 4866 1478 4933 redit
1498 4867 1643 4953 improba
1664 4866 1774 4933 Martis

930 4968 1056 5053 Syrtica
1077 4975 1160 5035 sorte
1182 4987 1312 5050 manus,
1338 4969 1411 5034 telis
1433 4990 1497 5034 nou
1518 4970 1641 5055 proelia
1662 4989 1796 5055 poscens

929 5070 989 5137 sed
1010 5070 1140 5137 dubiam
1162 5076 1318 5155 temptare
1339 5070 1461 5154 fugam.
1509 5072 1691 5158 explorator
1712 5071 1830 5153 ubique

929 5175 1090 5240 Romanm
1112 5175 1258 5240 currebat
1280 5193 1397 5257 eques,
1423 5174 1598 5259 mistusque
1621 5175 1744 5241 Latinis

785 5299 833 5339 mc
928 5275 1013 5342 fidus
1034 5284 1103 5343 crat
1123 5278 1254 5359 Macar,
1280 5277 1400 5362 pariter
1421 5277 1558 5361 vestigia
1579 5278 1684 5361 gentis

615 5522 665 5571 410
683 5524 776 5571 ὕαιναι
788 5525 831 5571 inu
841 5522 920 5570 multa
932 5524 945 5570 t'
955 5522 1062 5570 tinctura
1074 5521 1180 5582 quadum
1191 5522 1312 5582 offuscato
1324 5523 1351 5569 ln
1363 5521 1443 5569 codice
1454 5524 1502 5583 leci
1513 5524 1564 5570 lum
1574 5529 1706 5584 nequeunt.
1741 5525 1820 5573 mults
1832 5529 1976 5586 aspernatus
1989 5530 2071 5572 nostru
2083 5525 2157 5577 aaa.

546 5607 593 5656 411
608 5608 912 5667 mntcrlmurldommaen‚
927 5607 1129 5656 contrabimurT
1204 5606 1253 5655 413
1266 5607 1403 5655 ricluariT
1479 5607 1529 5656 424
1541 5609 1645 5671 cupidus
1660 5610 1689 5670 T,
1703 5612 1806 5672 cupiens
1816 5612 1904 5659 nwllm
1972 5609 2159 5659 d2lltraditaT

545 5694 749 5743 ttorettncreT
815 5693 861 5742 431
878 5708 961 5742 securn
978 5694 999 5739 l'
1063 5692 1113 5743 432
1127 5691 1289 5755 bacellum„
1304 5694 1384 5742 nccT
1453 5693 1502 5742 433
1516 5695 1608 5742 natoT
1674 5695 1724 5744 435
1735 5697 1857 5759 probitate
1870 5694 1959 5755 Maza,
1976 5697 2159 5759 proprietatcT

545 5778 593 5827 437
607 5780 750 5840 numeru
829 5779 876 5828 441
892 5779 1029 5839 indiqneT
1108 5781 1177 5839 genti
1193 5779 1276 5840 Beleia,
1291 5781 1411 5837 genetur
1495 5779 1664 5844 illucqucrn
1675 5782 1858 5843 postnccudd.
1874 5781 1951 5831 Malae.
2034 5781 2084 5830 446
2097 5795 2160 5829 mor-

545 5866 578 5912 tls
595 5865 621 5924 d,
641 5862 679 5924 cs.
694 5865 763 5927 Vero.
777 5868 838 5915 Aen.
855 5866 892 5912 XI
906 5869 953 5913 tlt}
1056 5863 1105 5913 447
1125 5878 1173 5913 non
1191 5865 1278 5928 Bella,
1297 5867 1324 5913 tn
1349 5867 1369 5913 Τ
1470 5866 1519 5915 448
1538 5868 1677 5930 explorator
1695 5867 1784 5931 Maca„
1805 5866 1964 5930 eploratorl'
