5042 6726
548 549 655 616 XLVI
1254 549 1484 606 Pacenulvu.

551 771 726 838 Anastasio
747 780 916 854 quaestore
940 771 1023 837 sacri
1044 771 1175 857 palatii,
1201 778 1237 837 ut
1257 771 1441 856 imperatori
1462 780 1515 838 res
1538 791 1615 837 suaa
1638 771 1776 839 afflictas
1798 772 2017 854 commendet,
2043 774 2123 859 petit
2134 778 2186 858 ¹⁰).

552 890 697 976 Dignum
720 911 756 958 se
778 911 866 975 esse,
899 892 950 958 cui
972 890 1131 957 beneficia
1152 890 1266 956 lustini
1289 891 1470 973 obveniant,
1501 892 1620 957 ‘saeris
1642 892 1874 977 apicibus'20),
1908 893 2078 960 Iustiniani
2100 894 2191 979 prin·

554 1010 786 1096 cipisdecreto
809 1010 1021 1091 demonstrat,
1054 1030 1116 1093 quo
1143 1010 1241 1077 officii
1270 1010 1412 1077 diuturni
1440 1010 1586 1096 praemia
1615 1012 1775 1094 quaedam
1803 1018 1917 1078 nactus
1947 1032 2019 1079 esse
2048 1013 2186 1080 videtur.

553 1130 605 1196 De
635 1130 763 1197 decreto
793 1131 947 1196 honestae
976 1129 1139 1195 missionis
1169 1136 1297 1215 poetam
1326 1129 1416 1212 ioqui
1445 1130 1624 1210 crederem,
1657 1132 1720 1197 nisi
1748 1132 1852 1217 ipsius
1880 1132 1987 1198 verbis
2016 1132 2190 1199 etiamtunc

554 1270 629 1317 eum
650 1249 806 1335 principis
827 1250 862 1315 in
883 1248 988 1316 officio
1011 1249 1112 1315 fuisse
1135 1257 1330 1335 compertum
1353 1249 1558 1316 haberemus.

642 1371 854 1454 Paupertate,
892 1369 944 1435 eui
972 1368 1198 1453 imperatorem
1229 1369 1460 1434 subventurum
1488 1388 1559 1435 esse
1590 1371 1759 1454 sperabat,
1795 1378 1892 1456 poeta
1920 1370 2074 1437 extremis
2102 1371 2189 1438 vitae

556 1489 668 1571 annis,
703 1496 738 1554 ut
766 1489 907 1555 carmine
938 1488 1033 1554 senili
1055 1488 1170 1553 Iustini
1199 1487 1313 1554 laudes
1343 1495 1488 1569 caneret,
1521 1488 1680 1556 adductus
1703 1492 1813 1572 est²¹}.
1859 1490 1910 1556 De
1932 1498 2092 1576 tempore,
2125 1513 2188 1575 quo

553 1610 772 1696 panegyricus
796 1609 934 1693 scriptus
956 1608 1009 1689 sit,
1035 1606 1099 1672 iam
1121 1607 1299 1691 Fogginius
1321 1606 1356 1672 in
1379 1607 1531 1673 editionis
1552 1608 1752 1693 praefatione
1773 1616 1840 1675 mm
1863 1609 1941 1675 scite
1964 1617 1997 1675 et
2017 1609 2192 1694 diligenter

557 1729 639 1814 egit,
666 1735 701 1795 ut
721 1748 815 1794 nemo
837 1734 910 1813 post
932 1748 1004 1794 enm
1027 1727 1112 1792 banc
1134 1707 1355 1810 quaestionem
1378 1727 1537 1810 tetigerit,
1564 1727 1733 1810 quincius
1756 1729 1874 1795 scrinia
1896 1729 2088 1814 compilasse
2111 1731 2190 1796 satis

556 1848 718 1915 babuerit.
763 1848 835 1912 Non
859 1846 972 1912 eodem
995 1866 1105 1912 omnes
1128 1846 1227 1912 libros
1249 1854 1411 1932 tempore,
1444 1847 1502 1912 sed
1527 1854 1674 1931 quartum
1698 1847 1863 1930 aliquanto
1885 1856 1959 1934 post
1979 1855 2045 1914 tres
2066 1849 2190 1934 priores

557 1968 680 2054 publici
706 1967 786 2032 iuris
815 1966 934 2033 factum
965 1986 1038 2032 esse
1068 1971 1154 2032 recte
1176 1966 1355 2050 Fogginius
1384 1986 1403 2032 e
1432 1966 1508 2031 libri
1536 1966 1623 2032 tertii
1652 1966 1715 2032 line
1745 1967 1893 2051 collegit,
1926 1988 1988 2052 quo
2009 1975 2106 2054 poe'ta
2128 1990 2191 2035 non

557 2087 683 2169 emnia,
717 2107 800 2170 quae
822 2086 965 2152 Iustinus
988 2085 1141 2170 gesserit,
1174 2106 1274 2170 parvo
1303 2085 1378 2151 libri
1407 2085 1552 2151 eiusdem
1583 2086 1686 2171 spatio
1717 2088 1987 2172 comprehendere
2017 2107 2052 2154 se
2080 2109 2186 2174 posse,

557 2207 617 2274 sed
639 2208 740 2273 multa
772 2206 892 2271 ‘dilata
913 2225 1045 2290 parum,
1071 2226 1135 2270 uon
1157 2203 1406 2290 praetereunda‘
1437 2205 1470 2270 in
1494 2212 1656 2289 posterum
1678 2206 1859 2289 relinquere
1882 2207 2011 2274 fatetur.
2056 2209 2104 2274 Ae
2124 2216 2191 2275 tres

557 2326 688 2411 quidem
718 2325 840 2410 priores
870 2325 968 2390 libros
1001 2324 1112 2409 primis
1146 2323 1234 2389 band
1267 2324 1365 2389 dubie
1397 2325 1562 2390 mensibus
1594 2325 1687 2408 regni
1715 2326 1830 2391 Iustini
1860 2326 2018 2412 Corippus
2051 2327 2191 2394 scribere

557 2446 672 2532 coepit.
719 2445 819 2510 Nullo
842 2444 927 2510 euim
948 2443 1011 2509 nisi
1033 2443 1094 2509 hoc
1115 2450 1269 2526 tempore,
1294 2463 1357 2527 quo
1380 2443 1550 2509 Iustiniani
1573 2444 1680 2526 funus,
1706 2444 1821 2510 lustini
1843 2446 2022 2531 coronatio,
2048 2448 2190 2513 Avarum

557 2565 678 2650 legatio
700 2564 792 2630 irrita
815 2564 957 2629 omnium
979 2563 1013 2627 in
1036 2583 1090 2628 ore
1113 2568 1221 2644 erant,
1253 2562 1431 2628 hebdomas
1441 2565 1475 2643 ²²]
1503 2563 1608 2648 prima
1629 2564 1721 2646 regni
1743 2563 1858 2629 Iustini
1880 2572 1997 2649 poetae
2020 2566 2120 2650 digna
2140 2567 2191 2631 vi-

558 2685 629 2751 deri
650 2685 768 2770 potuit,
802 2703 885 2766 quae
915 2682 1067 2748 librorum
1096 2680 1191 2746 trium
1223 2683 1403 2748 narratione
1434 2683 1526 2767 epioe
1554 2684 1780 2750 celebraretur.
1827 2683 1893 2750 Sed
1916 2704 1995 2750 sano
2017 2685 2191 2770 sagacique

556 2804 676 2871 iudicio
704 2802 882 2887 Fogginius
911 2802 976 2867 iam
1006 2801 1081 2867 libri
1110 2801 1204 2885 primi
1234 2821 1347 2866 versus
1375 2801 1457 2866 duos
1485 2802 1625 2885 invenit,
1663 2824 1747 2887 quae
1776 2824 1861 2869 anno
1891 2805 2020 2869 demum
2051 2805 2191 2872 secundo

557 2924 673 2991 Iustini
705 2921 908 3008 imperatoris
942 2922 1061 3005 (idoli)
1101 2920 1197 2985 scribi
1229 2928 1417 3004 potuerunt,
1454 2941 1516 3004 quo
1544 2923 1717 2988 Aetherius
1751 2931 1784 2989 et
1810 2924 1954 3007 Abdius,
1992 2924 2047 3008 qui
2079 2932 2191 2992 contra

557 3043 673 3110 Iustini
693 3043 794 3108 ritem
817 3042 1069 3121 coniuraverunt,
1095 3039 1205 3124 gladio
1227 3039 1372 3124 percussi
1393 3040 1537 3106 criminis
1559 3062 1681 3127 poenas
1704 3043 1921 3127 deden-uine).
1964 3045 2082 3112 Eorum
2105 3046 2191 3111 enim

558 3163 601 3229 ad
631 3162 824 3248 supplicium
852 3161 972 3246 optimo
1003 3160 1073 3226 iure
1094 3160 1273 3243 Fogginius
1295 3158 1556 3225 vaticinationem
1577 3161 1669 3227 illam
1690 3164 1815 3246 retulit,
1848 3183 1945 3247 quam
1969 3183 2060 3231 sacra
2082 3164 2191 3231 Pietas

558 3283 682 3350 Iustino
704 3281 874 3347 dormienti
896 3280 1066 3364 imperium
1089 3279 1311 3363 accipiendum
1334 3280 1521 3345 renuntians
1543 3281 1631 3365 apud
1653 3281 1826 3368 Corippnm
1848 3284 2027 3368 portendit:

714 3401 803 3468 laud.
828 3402 907 3467 lust.
934 3400 950 3465 Ι
974 3403 1015 3464 60
1038 3399 1182 3483 quisquis
1206 3399 1266 3464 erit
1288 3406 1432 3477 vestrae,
1459 3419 1517 3483 per
1538 3419 1573 3465 se
1597 3400 1708 3479 cadet,
1733 3402 1862 3468 invidus
1884 3405 1999 3486 aulae,

1031 3501 1223 3583 adficietque
1245 3502 1332 3566 viros
1354 3502 1463 3584 legum
1486 3502 1559 3585 pius
1581 3503 1669 3569 ensis
1691 3504 1829 3586 iniquos.

560 3625 695 3692 Constat
715 3623 815 3707 igitur
836 3623 890 3687 vix
913 3629 988 3688 ante
1009 3622 1087 3688 anni
1109 3624 1171 3685 566
1194 3620 1290 3686 finem
1312 3621 1431 3705 primos
1457 3621 1646 3706 panegyrici
1675 3623 1773 3689 libros
1803 3624 1837 3689 in
1865 3626 2027 3709 publicum
2058 3628 2193 3694 emissos

558 3764 642 3810 esee.
689 3744 759 3808 Nec
788 3761 864 3807 vero
893 3747 966 3826 post
994 3760 1113 3805 annum
1137 3743 1199 3803 567
1230 3740 1350 3806 iactum
1379 3740 1415 3806 id
1443 3761 1515 3807 esse
1546 3761 1564 3807 e
1587 3740 1787 3826 praefatione
1810 3744 1933 3827 elucet,
1966 3765 2049 3827 quae
2072 3746 2193 3833 scripta

557 3870 617 3945 est,
636 3862 823 3948 priusquam
837 3861 962 3926 Avares
977 3867 1010 3926 et
1023 3859 1230 3944 Langobardi
1243 3859 1479 3926 incursionibus
1494 3860 1662 3946 imperium
1678 3863 1856 3930 Romanum
1871 3883 1991 3930 vexare
2006 3874 2190 3950 coeperunt.

643 3979 780 4060 Quando
808 3986 940 4063 quartus
970 3978 1159 4063 panegyrici
1187 3979 1270 4044 liber
1296 3979 1420 4063 publici
1445 3979 1525 4046 iuris
1548 3980 1653 4046 facins
1676 3983 1734 4063 sit,
1767 3983 1941 4049 nescimus.
1987 3984 2192 4051 Verisimile

555 4109 606 4169 est
633 4101 744 4187 paullo
774 4107 847 4185 post
875 4105 998 4164 ceteros
1028 4104 1094 4163 tres
1125 4118 1197 4163 eum
1226 4098 1372 4183 prodisse
1380 4100 1439 4179 ²⁴),
1481 4099 1577 4165 bellis
1609 4099 1725 4167 deinde
1752 4101 1976 4186 ingruentibus
2007 4104 2059 4170 vel
2091 4113 2192 4172 morte

554 4230 669 4307 poetas
690 4220 781 4286 inani
802 4217 990 4305 panegyrici
1012 4216 1089 4283 ludo
1111 4215 1208 4282 tinem
1231 4217 1414 4302 impositum
1438 4238 1520 4284 esse.

642 4444 683 4507 19)
703 4445 772 4495 land.
792 4446 879 4494 Anasi.
900 4443 930 4493 41
952 4457 992 4493 me
1010 4455 1111 4506 queque
1130 4444 1296 4505 gaudentem,
1317 4450 1476 4506 quaestorum
1494 4446 1618 4505 maxime,
1638 4446 1723 4496 redde.

956 4529 1022 4591 qued
1038 4530 1107 4578 labor
1125 4530 1246 4589 indulsit,
1268 4530 1333 4591 quod
1353 4530 1428 4579 iessis
1446 4531 1551 4594 provida
1569 4531 1649 4580 Musis

955 4616 1020 4664 alma
1037 4629 1082 4677 per
1099 4617 1228 4664 insomnes
1246 4616 1339 4665 meruit
1357 4617 1488 4677 vigilanda
1506 4623 1607 4680 noctes,

954 4701 981 4748 bi
1000 4702 1063 4749 sacri
1082 4707 1222 4750 monstrant
1239 4703 1333 4764 apices.
1369 4702 1439 4765 legs,
1460 4717 1559 4753 summe
1576 4705 1710 4765 magister,

954 4792 980 4833 et
998 4800 1098 4834 causam
1116 4786 1224 4835 deiende
1242 4799 1332 4837 meam.
1369 4789 1417 4836 tibi
1435 4790 1531 4838 sanctie
1549 4797 1661 4838 reanum

956 4870 1115 4919 commendat
1132 4871 1265 4920 famulum.

638 4954 680 5017 20)
701 4955 737 5004 Ne
755 4957 812 5018 qnis
825 4956 945 5017 Fegginio
963 4952 1134 5017 adstipulatus
1151 4958 1218 5018 ipsos
1237 4956 1380 5019 panegyrici
1397 4957 1473 5005 libros
1492 4958 1624 5021 acorippo
1645 4960 1740 5006 ‘sacres
1757 4954 1854 5018 apices'
1872 4956 1991 5018 appellari
2010 4955 2103 5016 credat,
2122 4971 2187 5019 pau-

552 5056 593 5090 cos
611 5042 677 5091 locos
696 5042 823 5103 adscribo,
848 5056 862 5091 e
887 5043 980 5105 quibus
1004 5043 1116 5091 solemne
1140 5042 1166 5091 id
1190 5055 1281 5091 nomen
1306 5043 1386 5092 fuisse
1404 5042 1497 5092 decreti
1514 5044 1671 5106 imperatoris
1689 5047 1816 5105 appareat.
1853 5041 1939 5092 sinon.
1959 5054 1999 5104 ep.
2023 5040 2045 5103 1,
2067 5043 2092 5091 b.
2112 5041 2137 5107 6,
2158 5042 2183 5093 8.

551 5127 612 5177 Cod.
631 5128 696 5178 lust.
716 5129 741 5176 11
760 5126 784 5189 8,
805 5127 831 5179 6.
850 5126 950 5188 xlii,
972 5125 1012 5177 ii.

637 5213 680 5273 21)
700 5213 768 5263 laud.
789 5214 854 5263 lust.
874 5214 952 5276 praei.
973 5211 1005 5261 48
1024 5220 1107 5274 maes
1126 5226 1225 5275 semper
1242 5226 1287 5272 age
1305 5218 1332 5262 et
1348 5226 1392 5276 pre
1410 5226 1515 5262 munere
1533 5215 1642 5263 earmina
1659 5218 1739 5277 porto.

636 5297 679 5361 22)
698 5300 730 5348 In
747 5304 801 5349 tres
818 5300 895 5349 libros
913 5300 1008 5362 priores
1025 5299 1053 5347 id
1070 5299 1150 5361 eadit,
1171 5298 1238 5360 quod
1256 5298 1399 5348 Guilelmus
1418 5299 1557 5349 'l'eniieiins
1574 5300 1703 5348 inmutins
1721 5300 1752 5348 de
1770 5302 1822 5347 tote
1840 5298 1941 5361 Gerippl
1958 5299 2109 5361 panegyrico
2127 5312 2187 5347 con·

552 5384 647 5436 tendit:
676 5385 740 5434 ‘Die
758 5387 855 5448 Anlage
873 5386 907 5434 ist
926 5398 953 5434 so
971 5384 1169 5445 weitscbweiiig,
1196 5383 1255 5432 dass
1276 5384 1346 5433 disse
1363 5383 1380 5433 4
1398 5384 1497 5433 Biicber
1514 5397 1563 5433 nur
1581 5384 1623 5432 die
1641 5389 1725 5433 ersten
1744 5384 1801 5433 aoht
1819 5384 1886 5445 Tage
1904 5397 1952 5433 ron
1969 5382 2079 5433 instin's
2097 5385 2187 5446 Regie-

550 5483 614 5532 rnug
632 5468 783 5523 nmiassen’.
821 5471 971 5520 (lesebiebte
989 5470 1034 5519 der
1050 5471 1113 5519 rim.
1133 5470 1272 5521 Literatnr.
1292 5466 1310 5534 S
1328 5467 1388 5520 484.

635 5554 678 5618 23)
700 5557 811 5620 Theopb.
833 5557 873 5608 ed.
895 5555 998 5606 classen
1015 5557 1028 5604 1
1045 5570 1072 5618 p.
1092 5550 1143 5605 ³73
1166 5552 1249 5623 τούτῳ
1273 5552 1310 5624 τῷ
1333 5551 1384 5606 ἔτει
1401 5549 1522 5622 Aidipsee
1544 5551 1589 5606 aul
1608 5542 1736 5622 e'Apuos
1753 5554 1797 5607 aui
1816 5551 1829 5606 d
1848 5551 1893 5606 sec
1911 5551 2000 5613 αὐτοῖς
2020 5551 2105 5623 ἰατρὸς
2123 5553 2185 5607 tua-

549 5637 690 5709 βούλευσαν
708 5641 745 5712 τῷ
764 5638 865 5710 βασιλεῖ
882 5633 1018 5709 Ἰουστῑνῳ,
1038 5636 1195 5711 posuer<
1213 5639 1241 5693 ti
1259 5637 1389 5694 derideres
1408 5637 1482 5711 ξίφει.

636 5727 677 5791 24)
699 5729 728 5777 In
754 5735 843 5791 quarto
866 5730 941 5777 etiam
964 5729 1029 5778 libro
1052 5741 1141 5777 versus
1165 5729 1239 5791 pauci
1264 5732 1368 5789 exunt,
1392 5730 1420 5777 in
1445 5728 1540 5790 qnibns
1563 5728 1702 5778 scribendis
1725 5728 1798 5791 poita
1815 5728 1995 5777 coniurationis
2015 5727 2184 5790 supplicinus

547 5812 664 5862 aetherii
681 5818 708 5863 et
726 5813 804 5862 Abdii
822 5815 968 5864 meminisse
987 5814 1096 5863 videtur.
1133 5814 1169 5863 lv
1187 5812 1334 5864 348-363.
