5042 6726
1209 536 1441 593 PROOEMIVM.

662 753 776 843 ήκοντα
797 758 918 822 ἔστελλε
941 758 992 823 καί
1013 756 1180 845 Ἀρμενίους
1202 755 1322 845 ὀλίγους
1344 756 1441 839 τινάς,
1475 753 1514 823 ὧν
1535 754 1718 846 Ἀρταβάνης
1741 783 1773 824 τε
1795 759 1847 824 καί
1866 754 2011 843 Ἰωάννης
2033 751 2139 845 ήρχυν,

659 873 801 944 Ἰωάννου
815 881 931 959 παῖδες,
955 874 1128 965 Ἀρσακίδαι
1150 878 1204 964 μέν
1226 880 1323 965 γένος,
1349 878 1478 966 ἔναγχος
1502 878 1535 944 δὲ
1558 875 1752 951 ἀπολιπόντες
1767 876 1801 944 τὸ
1817 877 1943 965 Περσῶν
1960 874 2141 965 στράτευμα,

662 998 694 1071 ἔς
722 1023 755 1063 τε
778 993 956 1085 Ῥωμαίους
986 995 1078 1083 ξὺνίί)
1112 1001 1174 1072 τοῖς
1209 991 1312 1072 ἀλλοις
1341 995 1502 1085 Ἀρμενίοις
1537 995 1699 1083 αὐτόμολοι
1731 989 1864 1084 ήκοντες.
1913 1000 2000 1084 ξυνῆν
2033 998 2067 1063 δέ
2101 1002 2144 1084 τῷ

660 1114 838 1204 Ἀρεοβίνδῳ
867 1111 888 1203 ή
917 1142 949 1183 τε
978 1114 1097 1206 ἀδελφή
1124 1119 1177 1184 καί
1200 1118 1349 1206 Πρείέκτα
1378 1116 1397 1205 ἡ
1428 1115 1518 1205 γυνή,
1554 1116 1729 1204 Βιγλεντίας
1759 1114 1894 1204 θυγάτηρ
1916 1122 1969 1204 τῆς
1995 1120 2143 1205 βασιλέως

659 1232 873 1303 Ἰουστινιανοῶ
896 1234 1043 1324 ἀδελφῆς.
1084 1234 1119 1304 υό
1142 1236 1200 1325 μήν
1223 1235 1294 1304 οὑδὲ
1317 1238 1439 1326 Σέργιον
1464 1240 1676 1325 μετεπέμπετο,
1703 1233 1773 1304 ἀλλ’
1802 1232 1891 1305 αὐτόν
1914 1262 1946 1303 τε
1968 1235 2019 1302 καί
2037 1234 2142 1324 Ἀριό-

664 1358 764 1444 βινδον
788 1353 902 1443 Λιβόης
932 1356 1114 1444 στρατηγοὺς
1143 1359 1280 1424 ἐκέλευεν
1311 1356 1405 1441 εἶναι,
1436 1353 1489 1443 τήν
1517 1383 1550 1423 τε
1577 1354 1682 1446 χῶραν
1709 1358 1841 1424 καὶτῶν
1864 1364 2052 1445 στρατιωτῶν
2075 1356 2144 1432 τοὺς

667 1473 854 1564 καταλόγους
870 1478 1073 1562 διελομένους.
1113 1479 1288 1564 έπέβαλεῖέ)
1316 1476 1350 1543 δέ
1366 1477 1484 1565 Σεργίῳ
1500 1477 1553 1563 μέν
1571 1475 1621 1544 τόν
1644 1474 1774 1562 πόλεμον
1797 1480 1958 1564 διενεγκεῖν
1980 1476 2054 1565 πρὸς
2076 1476 2144 1551 τοὺς

666 1597 698 1661 ἐν
722 1596 875 1685 Νουμιδία
900 1594 1087 1684 βαρβάρους,
1117 1594 1296 1686 Ἀρεοβίνδῳ
1325 1597 1359 1662 δὲ
1380 1599 1443 1670 τοῖς
1466 1595 1666 1684 ένζΒυζακίῳ
1689 1596 1893 1685 Μαυρουσίοις
1916 1595 1965 1663 ἀεί
1988 1594 2144 1686 διαμάχε-

668 1718 753 1782 σθαι.
800 1713 1061 1791 καταπλεόσαντός
1088 1742 1121 1782 τε
1149 1723 1201 1783 τοῦ
1231 1714 1339 1784 στόλου
1368 1714 1474 1783 τοότου
1496 1719 1527 1791 ές
1550 1714 1738 1805 Καρχηδόνα
1761 1709 1883 1805 Σέργιος
1907 1717 1960 1802 μέν
1984 1716 2032 1782 ἐπὶ
2055 1717 2143 1784 Νου-

657 1837 769 1920 ·μιδίας
792 1833 840 1909 Εθν
862 1838 906 1922 τῷ
928 1837 1032 1924 οἰκείῳ
1055 1842 1172 1923 στρατῷ
1195 1834 1291 1903 ἀπιῶν
1315 1831 1431 1926 ᾤχετο,
1457 1833 1643 1924 Ἀρεόβινδος
1667 1837 1700 1902 δὲ
1718 1834 1861 1903 Ἀντάλαν
1884 1863 1916 1903 τε
1938 1835 1988 1902 καί
2011 1835 2143 1910 Στότίαν

666 1951 992 2042 ένστρατοπεδεόεσθαι
1014 1954 1121 2042 μαθῶν
1145 1953 1224 2045 ἀμφί
1245 1955 1331 2024 πόλιν
1341 1959 1377 2041 ²⁹)
1406 1958 1663 2044 Σικκαβενηρίαν,
1693 1961 1784 2044 τριῶν
1814 1953 1935 2045 ῆμερῶν
1965 1954 2028 2044 δδῷ
2051 1956 2143 2045 Καρ-

664 2071 794 2163 χηδόνος
817 2076 995 2163 διέχουσαν,
1027 2073 1170 2163 Ἰωάννην
1193 2075 1242 2143 τὸν
1266 2073 1453 2143 Σισιννιόλου
1475 2074 1524 2142 ἐπ’
1553 2074 1660 2151 αὐτοὺς
1683 2077 1820 2143 ἐκέλευεν
1845 2079 1922 2143 ἰέναι
1943 2082 1995 2142 τοῦ
2019 2082 2146 2164 στρατοῦ

665 2192 886 2281 ἀπολεξάμενον
919 2194 950 2262 εί
970 2221 998 2260 τι
1021 2190 1140 2283 άριστον
1163 2192 1220 2283 ῆν·
1251 2202 1295 2286 τῷ
1324 2197 1401 2283 δὲέθ)
1436 2197 1553 2283 Σεργίῳ
1581 2196 1696 2283 ἔγραφε
1724 2200 1785 2271 τοῖς
1814 2194 1892 2285 ἀμφί
1920 2196 1970 2263 τὸν
1998 2193 2142 2284 Ἰωάννην

665 2311 902 2400 ἀναμίγνυσθαι,
935 2312 986 2402 ἐφ’
1014 2309 1039 2404 ᾧ
1069 2319 1153 2402 κοινῆ
1182 2311 1310 2391 ἅπαντες
1333 2312 1426 2402 δμόσε
1447 2320 1509 2390 τοῖς
1530 2319 1685 2403 πολεμίοις
1707 2317 1895 2405 χωρήσουσι.
1942 2318 2066 2404 Σέργιος
2090 2318 2143 2404 μέν

664 2428 714 2501 οίιν
736 2439 796 2500 τῶν
818 2460 852 2500 τε
872 2437 1086 2522 γεγραμμένων
1108 2435 1161 2500 καί
1182 2441 1235 2501 τοῦ
1257 2438 1346 2523 ἔργου
1368 2432 1473 2502 τοότου
1504 2433 1659 2522 όλιγωρεῖν
1689 2438 1785 2523 ἔγνω,
1816 2433 1832 2501 ό
1862 2436 1897 2503 δέ
1922 2433 2064 2523 Ἰωάννης
2093 2435 2143 2510 ξὺν

663 2552 757 2641 όλίγῳ
788 2559 906 2641 στρατῷ
934 2551 1082 2642 ἀμυθήτῳ
1111 2551 1282 2641 ήνάγκαστο
1311 2557 1462 2641 πολεμίων
1491 2551 1603 2641 πλήθει
1625 2558 1656 2629 ές
1678 2558 1783 2644 χεῖρας
1807 2557 1895 2622 ἰέναι.
1941 2550 1978 2643 ῆν
2002 2557 2035 2622 δὲ
2059 2552 2142 2645 αὐτῷ

665 2675 772 2741 τεκαὶ
795 2671 910 2759 Στότζη
934 2675 1011 2760 μέγα
1033 2700 1061 2740 τι
1084 2672 1132 2740 ἀεί
1154 2677 1186 2749 ἐς
1208 2673 1359 2762 ἀλλήλους
1382 2676 1485 2763 ἔχθος,
1512 2672 1653 2763 ἑκάτερός
1675 2700 1707 2741 τε
1730 2672 1827 2743 αὐτῶν
1838 2679 1874 2761 ³¹)
1901 2669 2013 2764 ηόχετο
2036 2676 2144 2764 φονεὺς

665 2796 796 2881 θατέρου
818 2791 976 2880 γενόμενος
999 2787 1078 2860 υότω
1101 2794 1138 2880 δῆ
1161 2797 1192 2868 ἐξ
1215 2791 1383 2882 ἀνθρώπων
1407 2793 1624 2883 ἀφανισθῆναι.
1671 2792 1737 2862 τότε
1759 2802 1848 2882 γοῦν,
1881 2795 1985 2883 ἐπειδὴ
2015 2794 2143 2885 τάχιστα

665 2911 685 2999 ῆ
711 2910 794 3001 μάχη
818 2915 850 2979 έν
872 2912 960 3001 χερσί
981 2916 1139 3000 γίγνεσθαι
1164 2914 1307 3000 ἔμελλεν,
1340 2909 1432 3003 άμῳω
1462 2919 1496 2982 ἐκ
1525 2919 1585 2980 τῶν
1609 2918 1815 3002 στρατοπέδων
1824 2919 1858 3001 ³²)
1892 2912 2067 2990 έλαόνοντες
2090 2915 2139 2981 ἐπ’

666 3031 816 3120 ἀλλήλους
837 3025 945 3099 ίλθον.
992 3030 1009 3099 ό
1039 3034 1093 3119 μὲν
1122 3026 1174 3102 οὖν
1201 3030 1344 3121 Ἰωάννης
1374 3036 1504 3109 ἐντείνας
1530 3034 1563 3101 τὸ
1585 3032 1668 3109 τόξον
1691 3036 1736 3100 ἔτι
1757 3034 1917 3123 προσιόντα
1939 3034 1989 3102 τὸν
2013 3032 2143 3108 Στότξαν

665 3151 743 3221 κατά
771 3155 907 3241 βουβῶνα
934 3150 983 3220 τόν
1014 3151 1108 3227 δεξιόν
1137 3154 1287 3243 έπιτυχῶν
1316 3152 1436 3243 βάλλει,
1470 3152 1487 3221 ό
1515 3156 1548 3222 δὲ
1577 3157 1698 3243 καιρίαν
1728 3153 1826 3230 τυπείς
1837 3160 1872 3240 ³³)
1900 3152 1993 3222 αότοῦ
2023 3156 2139 3239 ἔπεσεν,

663 3266 748 3340 υόπω
772 3273 824 3359 μέν
846 3271 987 3356 τεθνεῶς,
1013 3269 1124 3362 χρόνον
1147 3277 1180 3340 δέ
1202 3300 1269 3341 τινα
1291 3272 1391 3361 ἀλίγον
1413 3272 1507 3364 ταότρ
1531 3273 1567 3362 δή
1592 3273 1825 3364 ἔπιβιωσόμενος
1847 3279 1885 3363 τῆ
1905 3281 2017 3363 πληγῆ.
2051 3277 2142 3342 έπελ-

664 3391 768 3468 θόντες
797 3394 830 3460 δὲ
860 3391 967 3469 πάντες
998 3391 1120 3478 αὐτίκα,
1153 3389 1219 3461 όσοι
1247 3420 1280 3460 τε
1309 3392 1392 3482 αὐτῷ
1422 3396 1540 3462 εἵποντο
1569 3395 1621 3461 καί
1649 3391 1666 3460 ό
1695 3401 1754 3461 τῶν
1778 3395 1981 3483 Μαυρουσίων
2005 3392 2139 3482 στρατός,

663 3510 793 3587 Στότίαν
824 3515 877 3600 μέν
910 3512 1145 3603 ’λιγοψυχοῶντα
1174 3515 1223 3580 ἐπί
1253 3516 1378 3603 δένδρου
1405 3514 1483 3591 τινός
1512 3517 1635 3598 ἔθεντο,
1670 3513 1756 3582 αότοί
1786 3514 1819 3581 δέ
1849 3518 1938 3603 θυμῷ
1967 3519 2071 3603 πολλῷ
2093 3517 2142 3580 ἐπί

661 3632 731 3708 τοὺς
759 3635 919 3719 πολεμίους
948 3632 1143 3723 χωρήσαντες
1172 3631 1222 3701 τόν
1250 3661 1283 3701 τε
1307 3631 1451 3722 Ἰωάννην
1479 3636 1530 3702 καί
1553 3633 1730 3722 Ῥωμαίους
1761 3627 1912 3716 άπαντας,
1949 3630 2003 3700 όίτε
2030 3632 2143 3721 πλήθει

663 3758 767 3841 πολλῷ
790 3750 1008 3841 θπεραίροντες,
1034 3752 1134 3822 οίδενί
1155 3752 1239 3842 πόνῳ
1261 3757 1435 3843 ἐτρέψαντο.
1481 3753 1547 3822 τότε
1570 3753 1607 3841 δή
1631 3781 1722 3842 φασιν
1746 3757 1838 3821 εἰπεῖν
1861 3751 1911 3821 τόν
1932 3752 2076 3841 Ἰωάννην
2099 3753 2140 3829 ῶς

663 3871 739 3960 ῆδόν
761 3899 828 3940 τινα
849 3870 981 3940 θάνατον
1004 3871 1140 3960 θνῆσκον,
1167 3874 1232 3940 ἐπεί
1246 3876 1275 3940 οί
1290 3872 1328 3941 τά
1342 3882 1395 3962 τῆς
1410 3873 1503 3964 εόχῆς
1518 3873 1597 3963 ἀμφί
1611 3881 1655 3961 τῷ
1670 3871 1785 3960 Στότίηι
1800 3877 1831 3948 ές
1845 3876 1938 3963 πέρας
1954 3872 2079 3962 ἀφῖκται
2087 3880 2138 3959 ³⁴).

664 3998 765 4082 χῶρος
788 3995 822 4059 δέ
843 4019 886 4067 τις
909 3986 945 4079 ῆν
968 3989 1116 4079 κατάντης
1138 3995 1288 4075 ἐνταῦθα,
1322 3989 1358 4062 οὖ
1384 3993 1421 4080 δῆ
1446 3992 1534 4062 αὐτὸν
1559 3991 1724 4081 ἀποβάλλει
1746 3990 1878 4068 όκλάσας
1901 3990 1917 4059 ό
1939 3994 2039 4069 ίππος.
2086 3993 2136 4082 ἐφ’

664 4106 700 4179 όν
724 4106 813 4187 αὖθις
835 4110 924 4180 αὐτόν
949 4110 1152 4200 ἀναθρώσκειν
1174 4111 1360 4201 πειρώμενον
1382 4114 1604 4202 καταλαβόντες
1626 4117 1655 4180 οἱ
1676 4116 1817 4200 πολέμιοι
1838 4114 2020 4198 κτείνουσιν,
2047 4107 2143 4202 άνδρα

512 4256 546 4321 p.
571 4237 634 4300 515
667 4231 827 4319 γενόμενον
856 4231 927 4320 δόίρ
956 4258 989 4298 τε
1015 4231 1067 4299 καί
1097 4228 1188 4321 ἀρετῆ
1220 4235 1327 4319 μέγαν.
1372 4226 1446 4321 όπερ
1475 4230 1646 4309 δΣτότίας
1675 4231 1783 4320 μαθῶν
1807 4230 1982 4321 έτελεότησε
2003 4240 2143 4301 τοσοῖτον

666 4350 777 4435 εἰπάν,
810 4350 850 4427 ῶς
876 4348 986 4419 ἔδιοτα
1014 4350 1047 4418 τὸ
1077 4352 1181 4419 λοιπόν
1207 4349 1346 4440 θνήσκοι.
1392 4356 1425 4418 έν
1450 4350 1544 4441 ταότη
1572 4360 1608 4442 τῆ
1639 4351 1724 4442 μάχη
1747 4353 1799 4420 καί
1823 4351 1967 4440 Ἰωάννης
1993 4352 2142 4442 Ἀρμένιος

665 4469 850 4561 Ἀρταβάνου
878 4470 1010 4562 ἀδελφὸς
1038 4471 1182 4560 θνήσκει,
1217 4473 1294 4562 ἔργα
1323 4476 1354 4548 ἐς
1383 4469 1451 4548 τοὺς
1479 4475 1642 4560 πολεμίους
1669 4472 1890 4561 ἐπιδειξάμενος
1921 4471 2030 4562 ἀρετῆς
2059 4469 2140 4548 ἀξια.

671 4589 810 4681 βασιλεὺς
841 4593 874 4658 δέ
895 4597 990 4660 ταῦτα
1013 4590 1144 4668 άκυόσας
1165 4589 1348 4680 περιῶδυνός
1370 4618 1402 4659 τε
1423 4600 1461 4681 τῆ
1483 4599 1535 4661 τοῦ
1556 4589 1698 4661 Ἰωάννου
1719 4592 1848 4682 γεγονῶς
1870 4592 1978 4682 ἀρετῇ,
2013 4591 2142 4679 μάλιστα

668 4708 837 4800 ἀξόμφορόν
860 4738 892 4778 τε
914 4714 1038 4800 νομίσας
1060 4712 1141 4779 εἶναι
1161 4717 1224 4778 τοῖν
1248 4717 1330 4779 δυοῖν
1354 4718 1530 4802 οτρατηγοῖν
1552 4710 1605 4801 τῆν
1629 4711 1726 4801 ἀρχήν
1748 4714 1830 4802 ἔχειν
1840 4718 1892 4798 ³⁶),
1917 4711 1967 4780 τόν
1992 4713 2044 4799 μέν
2061 4714 2142 4800 Σέρ-

667 4858 731 4919 γιυν
754 4828 845 4906 εὐθὺς
868 4832 1137 4921 μεταπεμψάμενος
1161 4835 1191 4905 ἐς
1214 4827 1346 4899 Ἰταλίαν
1370 4832 1418 4907 ξὺν
1441 4840 1559 4921 στρατῷ
1580 4834 1711 4923 ἔπεμψεν
1720 4836 1778 4917 ³⁰),
1808 4831 1984 4921 Ἀρεοβίνδῳ
2007 4832 2041 4897 δὲ
2063 4827 2141 4898 ἀπαν

666 4949 700 5018 τό
721 4948 834 5040 Λιβύης
855 4952 1013 5039 παρέδωκε
1034 4948 1155 5039 κράτος.

752 5075 807 5138 25.
832 5068 980 5159 Γόνθαρις
1003 5073 1037 5138 δέ
1059 5074 1142 5138 δυοῖν
1166 5071 1254 5159 μησίν
1279 5068 1400 5161 ὕστερον
1423 5069 1583 5160 ῆΣέργιος
1606 5074 1728 5139 ἐνθένδε
1751 5069 1847 5138 ἀπιῶν
1871 5065 1969 5160 ᾤχετο
1991 5072 2144 5158 τυραννίδι

665 5192 791 5258 ἐπέθετο
824 5189 925 5280 τρόπῳ
957 5195 1076 5281 τοιῷδε.
1123 5192 1297 5259 Gontharis
1327 5192 1510 5259 Areobindo
1538 5192 1708 5259 interfecto
1734 5192 1864 5259 Africae
1893 5192 2143 5259 dominationem

665 5319 811 5397 usurpat.
857 5312 971 5379 Paullo
993 5319 1066 5399 post
1086 5312 1121 5378 in
1143 5332 1223 5379 cena
1244 5313 1286 5378 ab
1310 5312 1473 5378 Artabane
1494 5313 1647 5377 Armenio
1669 5312 1856 5378 trucidatur.

596 5642 639 5705 27)
665 5644 700 5692 al.
721 5636 796 5699 αὖθις
813 5636 865 5700 ξδν.
971 5638 1013 5701 28)
1040 5640 1075 5690 αλ
1096 5635 1232 5707 ἀπέβαλλε,
1336 5639 1381 5701 29)
1409 5640 1444 5689 al.
1464 5635 1547 5690 πόλει.
1654 5638 1694 5699 30)
1722 5641 1758 5691 αλ.
1777 5654 1814 5691 τε.
1921 5638 1963 5703 31)
1987 5641 2021 5689 αλ.
2043 5637 2141 5693 αὐτοῖν.

509 5728 551 5791 82)
576 5729 612 5778 al.
636 5729 682 5779 τοῦ
704 5724 884 5797 στρατοπέδου.
1024 5724 1067 5787 33)
1091 5727 1127 5776 al.
1147 5721 1263 5795 πληγείς.
1404 5725 1447 5787 34)
1472 5727 1507 5776 al.
1527 5722 1632 5794 ἀφῖκτο.
1774 5726 1816 5787 35)
1843 5727 1879 5777 αἱ.
1900 5722 2011 5793 μάλιστα
2036 5723 2139 5777 διέπειν.

510 5815 551 5877 36)
572 5815 607 5863 αλ.
628 5809 754 5865 ίατιλλιν.
2127 5828 2131 5835 ·
