5042 6726
505 554 610 623 XLIV
1209 548 1439 605 raooaurvn.

507 776 566 845 sed
588 797 609 845 a
630 775 761 845 librario
783 773 938 857 quodam,
970 773 1026 856 qui
1052 779 1085 839 et
1106 771 1271 837 Cresconii
1300 772 1444 857 episcopi
1466 772 1615 838 Canones
1645 777 1678 837 et
1700 770 1865 837 Cresconii
1886 777 2001 856 po'e'tae
2022 770 2143 836 Iohan-

507 895 601 967 nidos
629 894 773 961 codicem
803 893 946 976 viderat,
982 892 1197 959 incertissima
1227 891 1408 957 coniectura
1434 892 1566 957 inventa
1594 910 1667 957 esse
1698 890 1777 961 satis
1807 897 1943 976 apparet
1971 910 1999 975 e,
2019 890 2138 973 verbis,

506 1017 624 1100 quibus
645 1013 841 1080 Iohannidos
862 1013 1055 1078 mentionem
1085 1010 1173 1081 iacit,
1220 1011 1384 1093 Quidquid
1406 1032 1424 1076 c
1447 1011 1557 1078 codice
1580 1010 1778 1079 Iohannidos
1800 1011 1903 1076 obiter
1922 1011 2069 1095 inspecto
2091 1010 2143 1076 fa-

507 1135 627 1202 cillime
650 1150 843 1218 cognoscere
865 1139 1006 1217 poterat,
1041 1132 1193 1196 librorum
1215 1151 1400 1212 numerum,
1433 1138 1568 1197 menum
1594 1130 1774 1211 heroicum,
1807 1129 1937 1195 titulum
1973 1129 2023 1210 ide
2045 1129 2142 1196 bellis

507 1254 669 1339 Libycis),
702 1272 817 1319 nomen
846 1251 986 1318 ductoris
1016 1251 1171 1317 celebrati
1200 1252 1283 1317 bene
1313 1251 1409 1317 uovit.
1458 1250 1523 1316 Sed
1554 1251 1608 1316 ubi
1637 1251 1732 1335 plura
1762 1249 1803 1314 de
1829 1248 2009 1317 Iohannide
2039 1255 2072 1315 et
2100 1249 2141 1315 de

507 1374 679 1445 Cresconio
708 1380 804 1458 poeta
833 1370 976 1457 proferre
1005 1371 1134 1455 incipit,
1166 1370 1330 1436 ariolatur.
1377 1371 1503 1436 Bellum
1533 1371 1618 1435 euim
1641 1368 1868 1435 Saracenicum
1898 1389 1982 1434 anno
2004 1388 2037 1452 p.
2063 1368 2139 1434 Chr.

505 1518 540 1561 n.
566 1498 627 1559 est
650 1494 685 1559 in
706 1493 817 1559 Africa
838 1513 859 1558 a
880 1491 1024 1559 Iohanne
1046 1490 1179 1575 patricio
1202 1497 1328 1573 gestum
1351 1489 1529 1555 Iohannide
1553 1489 1693 1557 describi
1721 1489 1848 1573 opinari
1876 1509 1939 1554 non
1968 1487 2136 1573 potuisset,

511 1615 539 1680 si
562 1614 641 1680 certi
662 1611 837 1697 quidquam
860 1612 901 1678 de
924 1618 1038 1695 poetae
1060 1604 1127 1675 vita
1149 1610 1201 1675 vel
1224 1609 1266 1675 de
1287 1616 1433 1693 ternpore
1455 1610 1586 1691 saltem,
1612 1629 1676 1691 quo
1697 1609 1839 1691 vixerat,
1866 1614 2062 1692 compertum
2083 1607 2144 1672 ba-

507 1734 641 1801 buisset.
689 1732 796 1810 Quare
817 1732 947 1797 notulae
970 1730 1089 1796 codicis
1112 1729 1335 1811 vallicellani,
1369 1749 1433 1811 qua
1454 1728 1540 1794 idem
1564 1727 1755 1795 Cresconius
1777 1727 1965 1812 episeopus,
1999 1725 2055 1810 qui
2076 1727 2141 1793 Ga-

507 1873 607 1921 nones
631 1851 813 1936 eollegerit,
846 1850 1057 1917 Iohannidem
1088 1848 1256 1934 scripsisse
1286 1848 1403 1931 femur,
1436 1847 1505 1914 iure
1535 1867 1593 1914 suo
1616 1848 1676 1913 viri
1698 1847 1784 1913 docti
1805 1846 1903 1913 fidem
1925 1846 2137 1930 denegarunt,

508 1973 655 2059 quamvis
677 1980 710 2039 et
731 1937 908 2055 ioggtnius
930 1970 1043 2036 eodem
1065 1968 1133 2036 fere
1155 1975 1308 2053 tempore,
1335 1988 1398 2051 quo
1420 1968 1589 2051 Iohannis,
1616 1967 1782 2033 Cauonum
1805 1966 1896 2032 illam
1918 1965 2140 2032 collectionem

507 2095 659 2179 scriptam
689 2112 761 2159 esse
790 2092 874 2157 benc
903 2089 1185 2169 demonstraverit,
1219 2095 1252 2153 et
1273 2088 1542 2155 Mazzuecbellius
1557 2074 1674 2153 ‘multa
1703 2086 1737 2151 in
1759 2086 1889 2171 Corippi
1918 2086 2010 2151 libris
2031 2086 2140 2153 inesse

508 2213 635 2294 viderit,
661 2232 744 2296 quae
767 2211 952 2296 episcopum
975 2229 1039 2274 non
1062 2207 1241 2273 dedeceant
1249 2208 1286 2291 5).

475 2353 479 2359 ·
556 2330 559 2334 ’
594 2333 677 2398 Aliis
699 2331 798 2416 igitur
819 2328 1014 2395 adiumentis
1038 2327 1167 2392 omnino
1190 2326 1334 2393 destituti
1356 2326 1417 2391 viri
1440 2326 1527 2392 docti
1550 2326 1680 2411 Corippi
1701 2346 1754 2393 res
1775 2325 1971 2408 indagantes
1992 2324 2027 2389 in
2049 2324 2141 2392 libris

508 2454 578 2519 eius
608 2451 686 2518 solis
717 2449 919 2516 coniecturae
949 2447 1053 2531 magis
1082 2446 1225 2513 lubricae
1254 2467 1351 2529 quam
1381 2446 1512 2513 notitiae
1535 2452 1641 2513 certae
1665 2464 1778 2512 ansam
1800 2444 2038 2528 quaesiverunt.
2086 2445 2141 2510 Io-

507 2572 666 2639 hannidos
689 2568 890 2653 praefatione
911 2586 1059 2653 proceres
1082 2565 1367 2648 Carthaginienses
1390 2561 1579 2649 allocuturi
1615 2571 1710 2649 petita
1737 2571 1812 2631 tunc
1841 2564 1980 2649 primum
2006 2583 2042 2630 se
2071 2583 2142 2629 car-

465 2762 470 2769 ,
510 2693 612 2771 mina,
638 2710 721 2774 quae
742 2690 777 2755 iu
799 2687 963 2773 provincia
984 2688 1090 2752 lateus
1111 2685 1276 2769 punxerit,
1310 2685 1419 2767 palam
1441 2685 1529 2751 urbis
1551 2684 1677 2751 civibus
1698 2685 1826 2751 madere
1848 2683 2058 2768 profiteturq.
2104 2685 2143 2749 Iu

509 2812 633 2897 patriae
655 2809 753 2892 igitur
774 2806 949 2892 municipio
972 2806 1111 2890 quodam
1133 2812 1209 2871 tunc
1231 2805 1389 2888 Corippus
1412 2805 1641 2888 grammaticus
1664 2804 1755 2887 degit
1775 2811 1927 2885 naturae,
1959 2802 2137 2886 regionum,

382 2914 384 2919 ’
511 2932 700 3016 populorum
715 2927 845 2993 Africae
861 2926 1073 3010 gnarissimus
1088 2933 1209 3005 auctor,
1236 2931 1532 3006 rerumgestarum,
1558 2943 1640 3007 quas
1663 2924 1803 2991 carmine
1825 2922 2012 3002 celebravit,
2036 2922 2160 2989 testis.)

508 3048 704 3131 Iohannide,
738 3067 834 3130 quam
856 3045 1005 3132 perbrevi
1028 3053 1172 3128 tempore
1195 3051 1268 3129 post
1290 3044 1412 3109 bellum
1434 3044 1612 3109 Mauricum
1633 3041 1774 3124 finitum,
1806 3062 1891 3108 anuo
1915 3045 1978 3106 549
2001 3042 2054 3108 vel
2077 3024 2162 3135 550}

510 3170 637 3255 scripsit
646 3171 690 3253 ⁸),
724 3168 809 3233 viros
838 3186 910 3247 eos,
943 3165 1000 3249 qui
1021 3165 1151 3230 Africae
1178 3170 1255 3229 tunc
1284 3168 1471 3247 praeerant,
1503 3162 1681 3228 Iohannem
1709 3162 1899 3246 magistrum
1924 3160 2063 3226 militum
2083 3181 2143 3247 per
2158 3144 2169 3225 ’Ῐ

510 3290 652 3357 Africam
674 3295 708 3356 et
728 3286 941 3354 Athanasium
963 3283 1094 3351 Africae
1115 3283 1273 3368 praetorio
1295 3280 1523 3366 praefectumil
1550 3282 1684 3348 summis
1706 3281 1857 3348 laudibus
1879 3280 2010 3363 extulit,
2043 3280 2143 3346 Iusti-

507 3411 637 3479 niauum
667 3428 739 3475 raro
767 3405 941 3474 admodum
970 3424 1030 3471 nec
1057 3403 1158 3469 nimia
1188 3422 1327 3485 uuquam
1357 3401 1542 3468 adulatione
1571 3401 1771 3469 memoravit.
1828 3400 1952 3466 Forsan
1979 3400 2040 3465 hoc
2068 3400 2140 3485 ipso

509 3536 656 3616 poe'mate
678 3528 817 3593 virorum
839 3524 1089 3591 clarissimorum
1112 3523 1255 3588 favorem
1278 3522 1342 3588 sibi
1363 3520 1410 3589 iia
1431 3521 1630 3603 conciliavit,
1663 3528 1700 3588 ut
1727 3540 1837 3586 eorum
1863 3540 1925 3604 ope
1946 3539 1965 3589 e
1987 3521 2057 3585 loco
2080 3520 2142 3586 bu-

511 3649 580 3715 mili
602 3655 634 3715 et
656 3648 791 3714 obscuro
812 3645 951 3710 maiores
972 3641 1015 3709 ad
1038 3661 1112 3728 spes
1135 3649 1265 3709 evectus
1287 3641 1479 3725 Byzantium
1505 3640 1685 3706 mitteretur
1705 3659 1886 3722 munusque
1907 3638 1943 3704 id
1965 3637 2137 3723 acciperet,

510 3790 573 3854 quo
590 3766 762 3834 Iustiniani
782 3763 985 3850 imperatoris
1008 3761 1170 3843 extremis,
1195 3761 1311 3827 Iustini
1332 3760 1444 3845 primis
1459 3759 1655 3845 temporibus
1670 3759 1876 3842 fungebatur.
1915 3757 2026 3823 Altero
2040 3757 2138 3842 enim,

512 3888 598 3972 quod
619 3895 747 3971 tempus
768 3885 852 3965 tulit,
877 3884 912 3948 in
934 3902 1042 3966 opere,
1067 3880 1264 3965 panegyrico
1285 3881 1320 3945 in
1342 3880 1471 3945 laudem
1494 3879 1609 3944 Iustini
1631 3878 1763 3945 minoris
1785 3884 1881 3961 poe'ta
1901 3877 1972 3961 ipse
1995 3896 2031 3942 se
2053 3876 2140 3961 prin-

510 4009 592 4094 cipis
622 4005 761 4073 officium
791 4010 922 4087 gestare
950 4001 1130 4084 fateturss).
1177 3998 1270 4077 Quod
1299 3998 1437 4064 effidem
1469 3999 1565 4082 quale
1594 3998 1691 4064 fuerit
1720 4018 1783 4063 non
1809 3996 2046 4079 dubitaremus,
2078 3996 2143 4061 nisi

509 4149 584 4195 eum
605 4128 710 4193 locum
737 4124 837 4209 (laud.
861 4123 942 4188 lust.
960 4121 1006 4186 IV
1023 4122 1217 4201 tot-190),
1243 4138 1305 4202 quo
1328 4125 1443 4203 poetae
1466 4117 1573 4184 verbis
1596 4116 1726 4184 disertis
1748 4117 1993 4199 memorabatur,
2020 4115 2143 4183 librarii

509 4245 718 4333 neglegentia
753 4243 900 4310 mutilum
936 4240 1037 4308 codex
1070 4238 1268 4305 Matritensis
1304 4237 1481 4304 exhiberet.
1542 4236 1700 4321 Gorippua
1736 4237 1782 4302 ibi
1818 4243 1944 4320 narrat,
1984 4235 2143 4320 quomodo

511 4375 636 4437 suenus
668 4364 811 4431 Iustinus
845 4362 959 4428 consul
992 4359 1238 4446 dispensaverit.
1291 4357 1432 4423 Primum
1466 4364 1630 4423 senatores
1662 4356 1818 4439 citantur,
1858 4363 1930 4441 post
1962 4375 2017 4425 eos
2050 4355 2144 4423 dein-

512 4505 590 4572 ceps
612 4484 675 4551 viri
696 4482 846 4567 quidam,
880 4482 934 4566 qui
963 4480 1125 4548 sanabria
1153 4479 1311 4563 dignitate
1339 4477 1508 4543 inferiores
1530 4476 1646 4542 iisdem
1668 4483 1792 4561 amen,
1824 4476 1941 4560 quibus
1964 4482 2138 4556 sensuros,

598 4763 623 4824 5)
643 4761 780 4822 llogginius
802 4761 831 4807 iu
854 4757 971 4806 editionis
995 4756 1153 4818 praefatione
1175 4768 1201 4815 p.
1222 4755 1272 4803 ΧΠ
1293 4754 1327 4817 (p.
1349 4754 1421 4803 Lllil
1444 4755 1510 4818 apud
1535 4753 1695 4815 Beklerum).
1734 4752 1943 4803 Muwccheliius
1967 4752 1995 4801 in
2018 4751 2141 4799 editionis

512 4849 666 4914 praelatione
684 4861 710 4910 p.
730 4846 770 4897 lx
792 4845 825 4909 [p.
845 4843 894 4892 XV
911 4842 978 4904 apud
997 4841 1158 4896 Rekieruml.

599 4950 624 5013 6)
644 4950 697 4999 leh.
716 4949 795 5011 praei.
817 4945 840 4995 1,
861 4944 903 4995 35,

601 5053 624 5114 ’1)
646 5052 702 5102 Gor.
721 5051 775 5101 Ioh.
795 5049 874 5113 praei.
894 5046 927 5096 25
945 5040 1081 5112 quid[quid
1099 5041 1155 5112 ago]
1172 5046 1276 5105 ignarus
1293 5044 1417 5106 quondam
1435 5058 1554 5106 perrara
1572 5045 1686 5104 locutus,

944 5133 1016 5181 urbia
1033 5145 1079 5195 per
1095 5131 1200 5194 populos
1218 5130 1328 5179 earmina
1345 5131 1419 5178 mitto
1436 5132 1529 5193 palam.

512 5233 642 5295 Fuerunt,
668 5231 713 5293 qui
731 5242 746 5278 a
764 5242 840 5277 versu
857 5226 891 5276 25
909 5226 1046 5288 corippum
1063 5230 1122 5274 ante
1139 5224 1302 5274 Iohannidem
1320 5225 1430 5272 carmina
1446 5223 1558 5272 bucolica
1576 5222 1706 5284 scripsisse
1724 5221 1895 5271 demonstrare
1913 5232 1987 5282 posse
2005 5220 2053 5268 sibi
2071 5218 2143 5268 vide·

512 5323 610 5368 rentur.
646 5317 681 5367 oi.
700 5314 790 5364 hebr.
810 5312 902 5362 (istob.
920 5312 966 5361 der
982 5314 1046 5363 rim.
1065 5311 1195 5359 Literatur
1212 5307 1237 5359 1⁴
1254 5325 1280 5373 p.
1300 5308 1361 5359 ooo.
1399 5308 1450 5358 Sed
1472 5309 1555 5357 verbis
1581 5308 1640 5370 ‘per
1657 5305 1737 5367 rura',
1763 5320 1828 5369 qaue
1851 5305 1920 5356 urbis
1943 5305 2043 5355 civibus
2066 5319 2143 5368 oppo-

513 5410 618 5464 nuntur,
638 5401 704 5451 nihil
720 5400 854 5449 denotatur
871 5398 921 5446 uisi
939 5399 1018 5460 loeus,
1038 5397 1083 5446 ubi
1100 5401 1174 5445 anua
1192 5396 1264 5459 pedu
1281 5396 1396 5444 latuerat.

600 5513 626 5576 8)
646 5513 700 5563 Iob.
719 5512 800 5575 praei.
822 5509 846 5560 1.
865 5508 892 5560 2.
914 5506 954 5561 13.
975 5507 1017 5559 21.
1039 5508 1081 5558 33.
1113 5505 1238 5557 la-ts.

599 5616 626 5679 9)
645 5617 699 5666 Ich.
719 5615 755 5663 IV
773 5611 920 5664 tot-2³9.
944 5612 994 5662 Vll
1015 5610 1160 5661 199—208.

602 5719 715 5783 lo)10h.
735 5719 748 5768 1
767 5714 877 5768 14-22.
897 5717 923 5767 11
940 5714 983 5767 tt.
1004 5715 1039 5765 lV
1057 5714 1117 5767 687.
1138 5714 1187 5764 Vll
1207 5713 1265 5764 145.

603 5823 644 5885 11)
664 5824 753 5872 Anasi.
774 5820 817 5872 47.
838 5819 881 5870 ts.
