5042 6726
541 550 574 613 Χ
1235 545 1463 602 Puoouulvrr.

539 771 771 855 designaverit,
797 770 1002 836 vehementer
1017 771 1139 837 dubito.
1171 772 1199 835 Ε
1221 771 1405 854 regionibus
1428 771 1512 836 enim
1534 778 1600 836 tam
1623 772 1815 855 longinquis,
1842 793 1923 856 quas
1938 774 2162 859 Byzantiorum

544 891 702 957 exercitus
724 891 842 955 multos
870 911 928 975 per
956 908 1057 955 annos
1079 910 1120 955 ne
1142 891 1489 974 attigerantquidem,
1522 891 1652 956 Mauros
1681 892 1715 956 in
1743 892 1938 977 provinciam
1961 896 2162 979 Byzacenam

542 1009 804 1095 praedationibus
830 1010 987 1075 diuturnis
1015 1010 1203 1076 exhaustam
1226 1012 1402 1076 accurrisse
1424 1011 1480 1074 vir
1503 1011 1704 1077 crediderim.
1750 1013 1852 1078 Erunt
1880 1013 2005 1097 forsan,
2038 1017 2092 1098 qui
2122 1016 2162 1083 de

544 1130 744 1195 Mauretania
766 1130 817 1195 hic
839 1130 927 1212 loqui
949 1129 1121 1214 Oorippum
1144 1149 1162 1194 e
1184 1130 1331 1196 versibus
1352 1130 1596 1212 insequentibus
1619 1132 1838 1198 demonstrare
1860 1153 1954 1217 posse
1983 1136 2044 1201 sibi
2073 1136 2165 1202 vide-

543 1257 647 1332 antur,
673 1250 789 1333 quibus
811 1249 964 1315 montium
986 1249 1184 1331 quorundam
1208 1250 1355 1332 altorum,
1381 1251 1554 1334 Agalumni

839 1387 995 1451 ‘nubibus
1017 1386 1051 1449 in
1074 1385 1190 1451 mediis
1212 1387 1332 1451 celsum
1355 1387 1409 1468 qui
1433 1386 1516 1452 ferre
1539 1406 1691 1453 cacumen
1713 1390 1877 1471 cemitur’,

544 1532 576 1590 et
591 1524 730 1589 Maoubii
756 1523 856 1588 ‘caeli
878 1523 985 1588 sidera
1008 1523 1231 1587 sustentantis'
1254 1529 1349 1606 poeta
1370 1524 1562 1588 mentionem
1586 1524 1672 1589 facit.
1706 1524 1792 1590 Satis
1814 1527 1943 1610 quidem
1960 1536 2082 1594 constat
2097 1538 2163 1596 tota

543 1644 673 1728 regione
703 1643 882 1726 Zeugitana
910 1650 1048 1708 montem
1077 1642 1200 1706 nullum
1229 1643 1338 1707 metris
1370 1646 1452 1707 1400
1481 1644 1625 1708 altiorem
1654 1644 1808 1727 inveniri,
1841 1647 2013 1713 Numidiae
2040 1658 2164 1716 montes

544 1785 645 1848 usque
668 1764 710 1828 ad
731 1770 902 1829 metrorum
919 1766 1013 1846 2500,
1039 1762 1257 1828 Mauretaniae
1273 1763 1464 1846 Tingitanae
1487 1782 1588 1846 usque
1611 1762 1653 1828 ad
1670 1767 1753 1829 3500
1769 1773 1937 1832 metrorum
1961 1769 2164 1835 altitudinem

547 1885 696 1951 eminere.
745 1882 811 1948 Sed
831 1883 950 1966 verbis,
976 1883 1092 1965 quibus
1114 1888 1209 1966 poe'ta
1231 1883 1338 1965 utitur,
1365 1882 1516 1947 montium
1540 1883 1685 1965 illorum,
1718 1905 1797 1967 quos
1820 1888 2006 1972 scriptorum
2028 1889 2163 1954 aliorum

545 2025 638 2069 nemo
653 2003 838 2084 nominarit,
865 2002 1000 2068 altitudo
1022 2022 1084 2067 non
1106 2008 1171 2067 tam
1195 2011 1342 2068 accurate
1359 2002 1516 2084 definitur,
1543 2010 1578 2068 ut
1593 2003 1792 2087 Zeugitanae
1806 2007 2018 2074 Numidiaeve
2041 2022 2164 2076 montes

544 2132 672 2210 poetam
701 2125 872 2189 denotasse
901 2143 1021 2205 negare
1050 2123 1156 2187 liceat.
1203 2122 1250 2187 Ac
1280 2123 1358 2188 mihi
1387 2123 1517 2205 quidem
1547 2144 1803 2207 -quamquam
1832 2126 1914 2192 hano
1943 2131 2163 2212 quaestionem

544 2243 746 2330 profligatam
770 2244 1023 2323 exhaustumque
1045 2262 1108 2305 non
1131 2261 1245 2307 censeo
1269 2279 1310 2289 -
1332 2251 1397 2307 tres
1420 2263 1536 2308 causae
1567 2242 1654 2309 haud
1684 2245 1901 2330 spernendae,
1933 2250 2099 2332 quominus
2121 2251 2165 2316 ad

544 2364 776 2430 Mauretaniam
791 2362 921 2446 (lorippi
935 2362 993 2427 hos
1007 2380 1119 2426 versus
1134 2361 1280 2445 referam,
1307 2363 1434 2427 obstare
1448 2363 1607 2427 videntur.
1639 2364 1779 2429 Primum
1795 2367 2014 2435 Mauretaniae
2029 2372 2164 2455 populos

543 2485 650 2563 bellis,
676 2504 759 2568 quae
781 2483 884 2547 Mauri
906 2481 1069 2567 Byzaceui
1090 2487 1123 2547 et
1144 2480 1259 2564 Syrtici
1284 2502 1355 2545 oum
1371 2482 1535 2565 Byzantiis
1556 2488 1632 2547 tunc
1653 2492 1830 2565 gesserunt,
1858 2506 1928 2551 sese
1951 2489 2163 2556 immiscuisse

545 2624 605 2670 nec
626 2605 799 2687 Procopius
821 2603 945 2667 aliusve
969 2602 1054 2666 ullus
1077 2600 1211 2685 scriptor
1233 2601 1404 2666 memoriae
1426 2601 1581 2685 prodidit,
1615 2622 1675 2667 neo
1704 2602 1798 2667 rebus
1825 2606 2163 2690 omnibus-perpensis

546 2746 604 2811 per
627 2744 661 2790 se
684 2723 752 2789 veri
775 2723 880 2788 simile
902 2722 1040 2787 videtur.
1087 2719 1212 2785 Deinde
1235 2720 1348 2784 mirum
1372 2739 1449 2784 sane
1473 2727 1559 2786 esset
1580 2721 1763 2805 Corippum,
1793 2722 1847 2803 qui
1870 2731 1982 2804 gentes
2004 2726 2162 2791 Mauricas

545 2832 716 2910 recensens
738 2864 801 2907 non
823 2843 934 2922 semel,
960 2861 1056 2924 quam
1079 2841 1173 2922 longe
1188 2840 1318 2905 remotis
1337 2860 1354 2905 e
1378 2840 1560 2922 regionibus
1575 2842 1787 2906 Romanorum
1809 2842 1917 2908 hostes
1939 2845 2178 2931 accurrissent,

546 2963 711 3029 adnotavit
720 2966 771 3046 ²⁰),
790 2961 1008 3027 Mauretaniae
1024 2960 1217 3042 Tingitanae
1231 2961 1377 3045 populos,
1397 2960 1452 3041 qui
1467 2961 1606 3025 omnium
1623 2962 1809 3044 longissime
1828 2984 1848 3027 a
1863 2963 2000 3046 Byzacio
2016 2966 2160 3051 aberant,

543 3085 590 3148 ita
605 3101 810 3161 memorasse,
837 3088 872 3147 ut
886 3101 945 3146 nec
960 3080 1098 3165 spatium
1113 3080 1227 3163 ingens
1243 3099 1298 3144 eos
1313 3081 1527 3163 permigrasse
1543 3081 1685 3163 adderet,
1711 3102 1771 3147 nec
1787 3082 1913 3149 Oceano
1929 3091 2022 3151 tenus
2037 3086 2164 3153 Mauros

546 3209 668 3269 tantum
691 3222 755 3267 non
776 3222 886 3267 omnes
908 3201 1060 3266 Romanis
1082 3200 1217 3267 infestos
1245 3199 1346 3265 fuisse
1378 3207 1576 3267 memoraret.
1627 3202 1746 3269 Oceani
1776 3210 1881 3268 autem
1905 3205 2074 3288 Atlantici,
2106 3208 2165 3273 At-

544 3323 641 3388 lantis
657 3322 785 3405 montis,
811 3321 1030 3388 Mauretaniae
1046 3320 1238 3404 Tingitanae
1262 3327 1381 3385 certam
1403 3340 1442 3385 ac
1463 3321 1666 3387 manifestam
1689 3322 1881 3388 mentionem
1903 3331 1969 3389 tota
1986 3325 2164 3393 Iohannide

547 3442 666 3508 frustra
689 3442 897 3525 quaesiveris.
943 3442 1091 3525 Denique
1113 3440 1176 3505 loci
1198 3440 1311 3523 totius,
1336 3440 1370 3504 in
1393 3461 1455 3523 quo
1477 3442 1667 3525 explicando
1689 3462 1869 3526 versamur,
1896 3452 2040 3510 naturam
2063 3447 2166 3531 respi-

550 3564 638 3629 ciens
661 3564 733 3647 quis
755 3584 818 3629 non
840 3562 965 3650 viderit,
992 3582 1086 3643 quam
1110 3567 1178 3626 arte
1202 3568 1325 3625 etcum
1349 3561 1546 3644 Zeugitanis,
1573 3563 1735 3645 quiante,
1763 3572 1886 3629 etcum
1910 3564 2013 3649 Syrtis
2035 3566 2165 3631 minoris

549 3683 678 3765 accolis,
705 3683 759 3765 qui
781 3690 853 3767 post
876 3700 931 3746 eos
953 3688 1176 3761 memorantur,
1203 3680 1316 3765 populi
1338 3681 1403 3759 isti,
1429 3701 1561 3763 quorum
1586 3681 1625 3746 de
1648 3680 1778 3748 sedibus
1800 3684 2002 3768 ambigimus,
2029 3705 2049 3749 a
2070 3692 2167 3769 poeta

550 3803 805 3887 coniungantur?
847 3801 967 3865 Mauris
990 3801 1091 3882 enim,
1122 3801 1177 3885 qui
1198 3800 1345 3865 Mercurii
1367 3801 1612 3885 promontorium
1636 3802 1849 3887 Curubimque
1872 3804 2072 3888 incolebant,
2098 3825 2167 3871 me-

549 3923 679 3988 moratis
702 3942 742 3987 ne
765 3923 861 3987 verbo
883 3920 1012 4002 quidem
1043 3921 1108 3985 ullo
1137 3920 1201 3984 iam
1230 3919 1273 3984 ad
1301 3920 1399 3985 aliam
1424 3940 1551 4004 prorsus
1573 3929 1727 3987 terrarum
1750 3923 1963 3989 Mauricamm
1985 3933 2108 4009 partem
2131 3946 2166 3992 se

548 4042 710 4109 transilire
733 4047 829 4126 poeta
851 4040 983 4106 indicat.
1031 4040 1112 4105 Item
1134 4039 1294 4105 montibus
1324 4040 1390 4105 illis
1412 4040 1591 4123 Agalumno
1615 4049 1647 4107 et
1669 4043 1814 4108 Macubio
1836 4045 1974 4112 breviter
1997 4045 2166 4131 descriptis

550 4163 662 4229 eodem
685 4163 717 4227 in
740 4160 903 4226 enuntiato
926 4159 1033 4225 statim
1056 4160 1099 4224 ad
1112 4160 1258 4244 populos,
1284 4159 1339 4240 qui
1354 4158 1486 4243 Byzacii
1500 4158 1704 4245 Tripolisque
1718 4162 1752 4227 in
1769 4163 1903 4230 confinio
1918 4164 2021 4249 Syrtis
2037 4167 2165 4232 minoris

549 4284 593 4349 ad
615 4303 686 4349 oras
709 4282 804 4347 sedes
826 4281 997 4360 habebant,
1024 4299 1058 4345 se
1081 4280 1244 4344 convertit.

635 4435 811 4522 Epopulis
833 4436 918 4501 enim
941 4440 1097 4518 quattuor,
1124 4454 1256 4516 quorum
1278 4434 1408 4499 nomina
1429 4453 1556 4499 versum
1581 4438 1619 4498 75
1643 4439 1812 4521 complent,
2115 4452 2136 4494 r

980 4572 1139 4654 Astrices,
1166 4571 1384 4653 Anacutasur,
1410 4572 1579 4654 (lolianus,
1606 4573 1743 4640 Imaclas

550 4713 683 4778 duorum
707 4710 801 4776 sedes
823 4716 874 4774 sat
896 4710 978 4775 bene
1000 4708 1158 4773 novimus.
1197 4708 1343 4773 Nominis
1365 4709 1504 4774 Imaclas
1525 4709 1553 4774 si
1575 4711 1709 4793 primam
1732 4710 1870 4777 litteram
1894 4717 1916 4794 i,
1941 4733 2004 4794 qua
2026 4712 2168 4798 praefixa

551 4831 654 4897 Mauri
675 4831 834 4916 pluralem
856 4849 1022 4895 numerum
1045 4826 1284 4913 significant21),
1311 4828 1499 4913 dempseris,
1530 4829 1681 4894 facillime
1702 4831 1873 4914 intelleges
1896 4832 2002 4915 gentis
2024 4832 2167 4897 eiusdem

550 4953 603 5018 hio
630 4951 822 5018 mentionem
852 4949 968 5016 fecisse
998 4956 1143 5034 poetam,
1175 4969 1271 5033 quam
1301 4949 1371 5033 ipse
1393 4948 1446 5012 Ill
1464 4952 1526 5012 410
1549 4949 1689 5014 Mecales
1697 4950 1754 5031 ²²),
1787 4950 1966 5016 Herodotus
1988 4952 2163 5037 Machlyes,

550 5073 752 5139 Ptolemaeus
775 5070 946 5154 Machryes
967 5069 1204 5154 appellavit²³l.
1251 5067 1418 5153 Machlyes
1440 5074 1546 5133 autem
1575 5068 1650 5133 inde
1678 5089 1699 5133 a
1721 5070 1916 5153 temporibus
1938 5071 2168 5154 antiquissimis

637 5397 671 5448 20
701 5398 755 5447 lob.
776 5399 862 5447 1174.
882 5397 924 5448 85.

637 5400 681 5545 21}
700 5484 841 5533 Hanoteuu.
861 5485 934 5533 Easal
954 5484 984 5531 de
1002 5485 1148 5543 grammaire
1166 5483 1197 5530 da
1215 5484 1239 5530 lu
1256 5484 1347 5544 langue
1365 5483 1513 5532 Tamaeheh.
1534 5483 1603 5530 Paris
1625 5482 1690 5532 1860
1708 5498 1732 5546 p.
1756 5482 1795 5532 lb.

636 5568 678 5630 22)
699 5568 833 5632 (lodppum
851 5570 964 5618 eiusdem
982 5570 1092 5619 nominis
1109 5571 1195 5617 tarmis
1213 5569 1311 5617 duabus
1333 5570 1457 5630 (Imaclas,
1480 5568 1593 5627 Mecales>
1622 5582 1696 5617 usum
1715 5582 1771 5617 esse
1789 5582 1821 5617 ne
1840 5572 1895 5632 quta
1914 5572 2032 5631 miretur,
2058 5574 2106 5620 lam
2130 5573 2171 5622 hic

551 5669 685 5706 memorare
708 5656 782 5705 licent
805 5656 921 5704 similiter
943 5657 1063 5717 populum
1083 5654 1208 5714 Syr-ticum
1232 5655 1420 5703 celeberrimum
1439 5654 1510 5703 modo
1528 5655 1638 5715 llrguas,
1665 5656 1735 5704 modo
1754 5656 1898 5715 Luguantun
1918 5671 1931 5704 e
1949 5658 2020 5720 postu
2039 5659 2166 5721 appellari.

550 5757 586 5791 ο.
625 5741 711 5791 .Xll.

564 5740 581 5802 t
605 5756 677 5889 pli)
700 5827 790 5877 Herod.
811 5827 848 5874 IV
869 5825 925 5876 178.
964 5826 1028 5877 Ptol.
1049 5827 1086 5874 IV
1105 5826 1129 5888 3,
1151 5826 1192 5876 26.
