5042 6726
1045 576 1274 633 Pnoonnlvn.
1862 574 1976 639 XXIII

345 811 486 885 caretur,
521 802 828 887 impetraverat¹¹⁰l,
865 799 1091 867 coniurationis
1121 799 1343 863 Armeniorum
1373 818 1414 865 ne
1448 798 1610 883 particeps
1643 797 1773 882 quidem
1805 796 1882 880 fuit,
1920 795 1979 863 sed

344 930 480 1007 tyranno
514 921 643 987 demum
676 921 842 989 interfecto
874 920 909 985 in
942 902 1066 985 aerario
1099 918 1217 985 tuendo
1251 918 1449 983 Artabanum
1483 917 1607 984 adiuvit
1621 919 1684 1001 ¹¹¹).
1743 918 1834 996 Quae
1866 937 1979 982 narra-

343 1042 389 1107 tio
417 1041 497 1107 mibi
525 1043 625 1107 multo
654 1042 760 1125 magis
789 1039 920 1106 arridet.
967 1040 1043 1105 Veri
1071 1040 1155 1105 enim
1186 1038 1361 1103 admodum
1392 1037 1496 1102 simile
1526 1037 1654 1130 uidetur
1681 1037 1854 1122 Corippum
1877 1037 1979 1102 Atha-

346 1161 452 1243 nasio,
485 1160 540 1245 qui
564 1160 756 1227 Guntaritbo
779 1160 884 1225 occiso
906 1159 1035 1225 Africae
1058 1158 1293 1244 praefecturam
1317 1160 1564 1242 receperat¹¹²l,
1598 1157 1712 1223 laudes
1734 1157 1819 1222 iusto
1841 1156 1979 1222 maiores

345 1280 508 1345 tribuisse.

432 1468 501 1532 Iam
531 1468 595 1532 alio
624 1459 668 1533 de'
686 1468 884 1533 Iohannidos
907 1468 977 1533 loco
999 1466 1153 1531 iudicium
1177 1465 1363 1545 ferendum,
1396 1486 1458 1549 quo
1480 1467 1634 1543 Autalas,
1667 1466 1850 1530 Maurorum
1873 1465 1980 1551 Byza-

298 1614 301 1621 ·
347 1607 495 1653 cenorum
518 1587 668 1670 regulus,
701 1586 765 1652 nisi
794 1607 853 1651 sua
876 1606 936 1671 ope
959 1586 1104 1652 adiutum
1127 1587 1324 1651 Artabanum
1348 1584 1532 1651 (luntaritbi
1555 1584 1687 1651 caedem
1709 1592 1893 1670 perpetrare
1916 1604 1979 1650 non

345 1707 488 1793 potuisse
511 1706 740 1789 gloriatur¹¹³).
781 1707 944 1785 Antalam,
971 1706 1026 1789 qui
1048 1706 1185 1790 primum
1208 1705 1400 1772 Guntaritbo
1423 1704 1556 1785 faverat,
1583 1704 1698 1770 auxilii
1719 1704 1868 1770 mercede
1890 1704 1980 1769 frau-

347 1827 457 1893 datum
474 1826 591 1892 exinde
606 1825 761 1891 infestum
782 1833 918 1910 tyranno
940 1825 1041 1891 fuisse
1064 1832 1129 1890 tarn
1153 1832 1238 1890 certo
1261 1804 1445 1891 testimonio
1468 1831 1663 1909 compertum
1686 1824 1918 1909 babemus¹¹⁴l,
1945 1831 1981 1889 ut

348 1967 420 2012 oum
443 1947 563 2012 Autala
592 1946 632 2011 de
661 1951 798 2029 tyranno
829 1966 846 2011 e
873 1944 979 2010 medio
1001 1945 1143 2010 tollendo
1166 1945 1248 2010 olam
1271 1945 1469 2040 Artabanum
1492 1945 1599 2028 egisse
1621 1965 1684 2010 non
1708 1944 1750 2009 sit
1771 1946 1856 2028 quod
1879 1966 1980 2029 nege-

347 2085 429 2131 mus.
471 2066 551 2131 Cum
574 2074 681 2131 autem
705 2065 822 2130 caedes
845 2065 917 2149 ipsa
938 2064 1027 2129 baud
1045 2064 1141 2130 dubie
1156 2064 1318 2129 Artabano
1334 2063 1557 2146 Armeniisque
1573 2063 1652 2129 solis
1666 2064 1864 2149 perficienda
1879 2072 1975 2142 esset,

347 2205 387 2251 ea
408 2191 532 2252 tantum
555 2185 597 2250 de
619 2204 718 2250 causa
733 2185 872 2250 Antalae
894 2184 1068 2249 amicitiam
1084 2184 1266 2249 Artabanus
1288 2183 1443 2277 ambiisse
1464 2184 1604 2266 videtur,
1629 2184 1716 2268 quod
1738 2186 1834 2250 rebus
1849 2184 1979 2250 Africae

346 2313 489 2371 extremo
510 2305 544 2369 in
566 2303 709 2389 periculo
732 2304 936 2369 versantibus
966 2303 1143 2368 cavendum
1174 2322 1246 2368 esse
1275 2303 1504 2386 intellegebat,
1537 2324 1578 2369 ne
1601 2304 1681 2370 forte
1703 2304 1886 2369 Maurorum
1909 2325 1979 2370 om-

346 2425 435 2490 nium
466 2423 562 2489 simul
590 2424 640 2489 vis
669 2425 703 2488 iu
725 2424 885 2488 Romanos
916 2422 1077 2489 discordia
1099 2422 1251 2488 intestina
1274 2422 1457 2488 laborantes
1479 2423 1652 2507 ingmeret.
1701 2424 1743 2489 Vt
1763 2423 1862 2508 igitur
1884 2432 1980 2492 autea

347 2544 558 2609 Guntaritbus
580 2544 717 2608 Autalae
747 2548 846 2608 totam
877 2562 912 2607 se
941 2541 1137 2626 provinciam
1161 2542 1365 2626 Byzacenam
1394 2562 1620 2609 concessuram
1648 2543 1810 2627 pollicitus
1833 2547 1975 2628 aratra,

345 2663 392 2728 ita
419 2670 494 2729 tuuc
523 2663 680 2748 promisso
709 2662 807 2728 simili
829 2663 1012 2727 Artabanus
1034 2662 1216 2727 Maurorum
1247 2661 1425 2747 principem
1448 2664 1510 2728 sibi
1534 2662 1723 2729 conciliasse
1745 2663 1883 2730 videtur.
1931 2664 1979 2730 Re

345 2782 484 2848 feliciter
505 2786 644 2867 peracta
659 2782 857 2848 Artabanum
879 2781 1045 2867 promissis
1066 2801 1129 2846 non
1154 2781 1301 2863 stetisse,
1333 2783 1549 2864 Antalamque
1576 2803 1615 2848 ea
1638 2784 1679 2848 de
1701 2802 1800 2849 cansa
1822 2803 1924 2849 novas
1945 2784 1980 2849 in

345 2904 505 2969 Romanos
527 2904 593 2968 iras
615 2901 799 2986 percepisse
821 2921 915 2967 nemo
936 2900 1179 2985 mirabiturssl).

431 3092 526 3156 Certe
548 3089 744 3155 Iohannidos
766 3090 917 3170 locomm,
943 3088 984 3154 de
1007 3089 1123 3171 quibus
1145 3089 1240 3154 modo
1262 3090 1403 3172 egimus,
1429 3097 1560 3170 neuter,
1586 3111 1691 3174 neque
1714 3091 1883 3157 Athanasii
1906 3092 1978 3156 laus

345 3231 449 3294 neque
471 3211 611 3277 Antalae
641 3210 811 3275 ostentatio
833 3209 981 3293 Procopii
1010 3208 1226 3274 narrationem
1254 3208 1401 3293 infringit
1425 3210 1477 3274 vel
1500 3208 1634 3293 refutat,
1668 3230 1732 3294 qua
1753 3211 1973 3277 Armeniorum

343 3329 466 3411 merito,
492 3329 648 3395 Artabani
669 3330 808 3415 maxime
830 3328 1016 3394 fortitudine
1039 3336 1071 3393 et
1092 3327 1269 3395 calliditate
1292 3328 1434 3395 Africam
1457 3329 1655 3414 provinciam
1675 3329 1860 3415 imperatori
1882 3352 1975 3399 reeu-

342 3456 486 3533 peratam
518 3469 589 3514 esse
620 3450 782 3515 doeemur.
829 3447 992 3514 Artabano
1013 3446 1210 3512 Iustinianus
1239 3447 1309 3532 ipse
1340 3448 1497 3513 maximas
1527 3449 1648 3532 gratias
1673 3449 1805 3531 babuit,
1836 3472 1974 3535 eumque

343 3568 451 3633 statim
472 3568 646 3636 Africanae
675 3568 809 3635 militiae
836 3568 893 3633 toti
922 3566 1087 3652 praefecit.
1136 3567 1216 3632 Cum
1245 3574 1352 3632 autem
1375 3567 1558 3633 Artabanus
1587 3569 1658 3653 ipse
1684 3570 1796 3653 paullo
1816 3578 1906 3655 post,
1939 3578 1975 3637 ut

432 3947 489 4008 llb)
511 3948 579 3997 Proc.
601 3949 624 3995 b.
646 3948 730 3997 Vand.
751 3949 776 3995 ll
795 3946 828 3996 26
847 3953 936 4014 πρῶτα
955 3945 1001 4012 μὲν
1020 3942 1124 3996 οὖντὸν
1142 3937 1295 3997 'Abundans
1314 3942 1489 4013 pareceptum
1511 3948 1571 4007 (σσὶί.
1593 3943 1771 4016 ὁΓόνίίαρις),
1791 3947 1835 4000 καί
1853 3948 1880 4005 d<
1899 3947 1969 4020 αὐτῷ

341 4029 416 4083 οὐδὲν
435 4029 564 4100 μελλήσας
581 4029 658 4097 ἦλθε.
689 4029 789 4101 θωπείᾳ
805 4048 832 4083 τε
851 4028 935 4102 πολλῇ
953 4031 1087 4102 χρώμενος
1106 4028 1210 4100 δόκησιν
1229 4028 1364 4102 παρείχετο
1383 4030 1419 4087 ὡς
1437 4028 1508 4098 αὐτῷ
1528 4030 1565 4083 ὅτι
1584 4031 1694 4100 μάλιστα
1711 4032 1729 4102 ἡ
1748 4032 1837 4101 πρᾶξις
1856 4032 1968 4104 ἀρέστει.

344 4119 485 4167 Areobiudo
503 4120 634 4168 interfecto
649 4110 804 4172 Ἀθανασίοο
825 4115 912 4184 μίντοι
930 4113 1073 4186 ἐφείσαντο,
1092 4115 1121 4168 τὸ
1138 4121 1228 4186 γῆρας,
1249 4113 1329 4183 οἶμαι,
1348 4120 1394 4168 τοῦ
1412 4113 1550 4185 ἀνθρώπου
1571 4114 1738 4186 ὑπεριδόντες.

430 4219 487 4283 111)
508 4222 576 4271 Ρ1οο.
597 4224 621 4271 b.
643 4220 824 4272 Vand.1128
847 4219 904 4272 τότε
934 4221 1169 4283 (οαίί.,(1ο111οτί111ο
1186 4221 1276 4283 occiso)
1300 4212 1461 4289 Ἀρταβάνης
1484 4220 1527 4273 τὸν
1551 4214 1705 4274 'nemeaea
1730 4220 1889 4293 ἐμαρτύρατο
1914 4222 1970 4277 ἐπι-

343 4301 478 4372 μελεῖσθαι
494 4311 546 4357 τῶν
564 4304 591 4358 ἐν
609 4304 646 4376 τῷ
663 4303 779 4375 παλατίερ
796 4300 948 4377 χρημάτων.
987 4302 1035 4357 ὅσα
1051 4304 1099 4376 γὰρ
1114 4299 1273 4376 Ἀρεοβίνίερ
1292 4303 1434 4369 ἐλέλειπτο,
1455 4303 1567 4360 ἐνταῦθα
1585 4305 1659 4359 εἷναι.

430 4408 485 4470 112)
508 4409 637 4460 οο1.1ο11.
658 4411 707 4458 Vll
728 4408 777 4458 199
807 4409 840 4457 et.
861 4411 982 4472 prooemii
1000 4410 1078 4459 huius
1095 4410 1283 4458 adnotationem
1302 4407 1361 4461 191.

431 4511 489 4573 113)
511 4512 566 4561 Cor.
587 4512 640 4561 loh.
662 4512 700 4561 IV
718 4510 766 4560 367
786 4507 918 4577 [Antslasr
944 4514 1032 4574 ‘quam
1050 4512 1099 4559 lida
1118 4513 1165 4573 sit,
1187 4513 1285 4573 inquit,
1306 4517 1446 4561 vestrates
1464 4508 1579 4580 publica]
1676 4516 1680 4521 '

782 4598 950 4658 Armenllque
969 4598 1008 4644 tul
1026 4597 1111 4645 docuit
1128 4596 1194 4644 mlbl
1213 4596 1309 4645 reddita
1327 4610 1436 4659 merces,

781 4684 896 4742 frangere
914 4682 980 4744 quod
999 4684 1072 4731 nisus
1090 4689 1174 4731 nostm
1193 4684 1288 4732 virtute
1307 4688 1441 4743 munuum

784 4768 920 4817 Guntarith
938 4768 980 4817 bie
997 4769 1090 4829 potuit.

430 4867 486 4930 114)
508 4870 577 4919 Prnc.
598 4871 621 4918 b.
643 4870 724 4919 Vaud.
745 4869 896 4919 11271111.
923 4868 970 4936 τὴν
994 4867 1040 4936 μὲν
1058 4860 1221 4938 Ἀρεοβίνδου
1245 4867 1362 4940 κεφαλὴν
1386 4868 1455 4937 παρὰ
1475 4868 1519 4921 τὸν
1537 4860 1661 4921 'Atrebas
1680 4866 1693 4919 ὁ
1713 4864 1837 4937 Γίνθαρις
1857 4868 1965 4939 ἔπεμψε,

339 4950 372 5003 τὰ
389 4949 418 5004 δέ
434 4952 557 5024 χρήματα
574 4952 618 5006 ael
634 4953 695 5012 τοὺς
714 4956 868 5022 στρατιώτας
886 4954 962 5007 αὐτὸν
981 4951 1130 5023 ἀποστερεῖν
1150 4952 1224 5024 lpum.
1261 4946 1385 5013 'Aardbnc
1403 4953 1502 5013 τοίνυν,
1523 4953 1561 5006 ὅτι
1578 4971 1605 5006 τε
1624 4952 1648 5006 el
1665 4960 1715 5006 τῶν
1735 4953 1904 5024 honeratam
1924 4954 1969 5007 obss

341 5035 383 5088 aa
401 5036 532 5100 ἐπετέλει,
558 5036 627 5091 δεινοί
651 5039 777 5102 ἐποιεῖτο,
803 5040 846 5093 ταὶ
864 5038 897 5092 τοί
915 5038 1090 5109 ἐρωμασμένα
1107 5040 1144 5110 τῷ
1162 5035 1295 5110 Γονίίάριίτ
1313 5039 1339 5098 ἐς
1357 5040 1399 5095 τὸν
1417 5033 1577 5111 Ἀρτίβτνίον
1596 5036 1690 5092 ἐννοῶν
1709 5036 1847 5110 ἤσχαλλεν.
1885 5038 1970 5093 πολλὰ

341 5127 401 5192 γοῦν
426 5121 453 5175 ἐν
478 5121 548 5194 αὑτῷ
571 5122 738 5194 λογισάμενος
756 5118 924 5197 ’ίοοστινιανῷ
949 5123 1048 5195 βασιλεῖ
1071 5131 1229 5196 προσχωρεῖν
1253 5123 1346 5193 fidele:
1374 5130 1460 5191 paullo
1484 5133 1543 5192 post
1559 5127 1729 5176 Guntarltlms
1747 5128 1856 5176 Antalas
1873 5128 1971 5177 bellum

342 5210 428 5259 infert.

429 5311 487 5374 tls)
507 5313 574 5362 Proc.
596 5315 621 5363 b.
642 5314 724 5363 Vand.
745 5312 906 5363 1115111111.

428 5414 486 5475 116)
506 5415 561 5466 (ior.
581 5416 636 5465 lob.
656 5417 692 5464 IV
711 5414 761 5466 359
1071 5418 1139 5465 ultra
1156 5430 1203 5465 nec
1220 5417 1306 5465 tallere
1325 5418 1461 5479 quisquam

781 5502 892 5550 Antslan
909 5516 937 5551 ss
954 5514 1028 5566 posse
1045 5508 1128 5566 putet.
1166 5504 1216 5551 lam
1235 5504 1331 5552 autnon
1349 5502 1418 5551 istud

778 5588 899 5635 Armenio
917 5588 1023 5636 licuisse
1041 5589 1129 5639 semel.
1224 5600 1231 5607 ·

710 5671 759 5721 313
778 5674 933 5721 Artabanum
951 5672 1023 5720 modo
1040 5679 1109 5732 grata
1125 5673 1201 5735 mlhl,
1222 5672 1347 5734 Fortuna,
1370 5672 1499 5733 dedisses,

780 5762 846 5805 sorte
863 5771 928 5806 noua
947 5758 1019 5807 fortis
1037 5758 1131 5820 parlter
1149 5772 1208 5807 cum
1225 5764 1309 5807 noster
1327 5759 1428 5819 llaguas

780 5849 861 5892 castm
879 5845 943 5904 gerit
961 5849 1101 5906 gentesque
1119 5844 1188 5893 ferae
1205 5844 1237 5893 de
1254 5844 1349 5893 finibus
1367 5844 1465 5894 Austri.
