5042 6726
1327 553 1476 610 CORIPPI

977 741 1041 807 iam
1064 743 1187 808 nullum
1211 742 1380 809 discrimen
1403 752 1483 810 erat.
1529 765 1592 810 non
1615 745 1743 810 vatibus
1766 745 1841 810 ullis

977 864 1119 928 parcere.
1166 865 1226 912 nec
1249 846 1379 913 senibus
1402 847 1504 932 potuit
1525 846 1700 914 concedere
1722 846 1819 914 fessis

975 947 1120 1031 quisquis
1141 967 1221 1014 onus
1243 948 1339 1015 busti.
1387 949 1487 1015 iacuit
1508 957 1583 1016 tuuc
1605 970 1697 1016 omne
1720 949 1859 1016 cadaver

976 1049 1156 1116 confossum
1178 1051 1309 1134 gladiis.
1355 1052 1439 1118 natis
1461 1052 1512 1119 fas
1534 1073 1597 1119 non
1619 1052 1681 1118 fuit
1702 1053 1778 1119 ullis

975 1173 1109 1238 corpora
1131 1173 1227 1220 caesa
1248 1163 1374 1240 patrum
1397 1164 1570 1242 congestae
1593 1155 1731 1223 subdere
1752 1164 1874 1239 terrae,

974 1257 1108 1323 vulnera
1130 1277 1190 1323 nec
1211 1256 1354 1324 lacrimis
1376 1259 1568 1343 permissum
1590 1258 1759 1325 infundere
1782 1260 1886 1326 iustis.

974 1360 1050 1424 dum
1073 1367 1164 1444 pater
1186 1360 1390 1445 opprimitur,
1415 1360 1482 1427 uati
1505 1361 1683 1446 coniuxque
1706 1363 1892 1446 trahuntur,

973 1461 1164 1547 diripiuntur
1186 1484 1275 1548 opes.
1321 1464 1423 1530 virtus
1445 1464 1562 1550 premit
1582 1465 1726 1550 improba
1748 1465 1876 1549 Martis,

975 1571 1007 1630 et
1028 1566 1083 1650 pia
1105 1565 1252 1632 desertae
1275 1566 1459 1649 linquuntur
1481 1567 1594 1633 lunera
1615 1574 1731 1633 terrae.

973 1668 1090 1734 nobilis
1112 1676 1144 1735 et
1164 1689 1288 1755 pauper
1308 1689 1385 1735 casu
1407 1670 1573 1756 rapiuntur
1593 1670 1629 1736 in
1651 1691 1723 1736 uno.

973 1773 1078 1837 luctus
1099 1772 1218 1855 ubique
1240 1778 1349 1853 sonat,
1373 1780 1475 1838 terror
1496 1772 1658 1858 tristisque
1680 1793 1737 1859 per
1758 1793 1869 1840 omnes

972 1875 997 1940 it
1018 1882 1138 1957 metus,
1165 1882 1197 1941 et
1218 1875 1307 1942 duris
1329 1877 1497 1943 turbantur
1518 1883 1631 1942 cuncta
1652 1875 1791 1961 periclis.

972 1978 1043 2061 quis
1065 1978 1230 2061 lacrimas,
1257 1978 1384 2063 clades,
1410 1979 1565 2063 praedas,
1592 1978 1759 2059 incendia,
1785 1985 1921 2064 mortes,

971 2080 1122 2164 insidias,
1149 2082 1305 2166 gemitus,
1330 2090 1537 2164 tormentum,
1565 2082 1710 2165 vincula,
1736 2089 1847 2167 raptus

972 2184 1128 2268 explicet,
1155 2192 1211 2251 aut
1231 2185 1365 2250 miseros
1387 2187 1489 2270 possit
1510 2205 1677 2251 numerare
1699 2185 1848 2252 dolores?

970 2286 1064 2352 tertia
1086 2306 1161 2371 pars
1183 2286 1294 2353 mundi
1316 2287 1443 2354 fumans
1466 2288 1548 2373 perit
1570 2287 1680 2354 Africa
1702 2287 1851 2353 flammis.

1057 2388 1186 2472 iamque
1208 2389 1280 2475 pius
1302 2390 1450 2475 princeps
1473 2391 1624 2456 volvebat
1644 2400 1772 2476 pectore
1794 2411 1888 2457 curas

971 2512 1128 2577 pensans,
1155 2501 1187 2558 et
1209 2500 1336 2558 nostras
1358 2493 1516 2560 meditans
1539 2513 1634 2577 quem
1657 2494 1756 2559 vellet
1777 2493 1810 2558 in
1833 2513 1906 2561 oras

971 2594 1133 2661 ductorem
1155 2594 1309 2661 mandare
1331 2595 1447 2662 ducum
1471 2616 1691 2680 summumque
1713 2596 1901 2679 magistrum

971 2698 1121 2778 militiae,
1148 2707 1269 2765 tantam
1292 2698 1424 2784 cupiens
1445 2699 1560 2766 fulcire
1582 2699 1715 2764 ruinam.

970 2810 1084 2867 cuncta
1106 2803 1281 2868 revolventi
1304 2804 1392 2868 solus
1413 2801 1531 2869 virtute
1553 2802 1713 2867 Iohannes

970 2903 1166 2987 consilioque
1188 2906 1320 2990 placens
1342 2904 1432 2971 fortis
1454 2905 1647 2990 sapiensque
1669 2905 1806 2971 videtur.

969 3006 1120 3090 gentibus
1141 3006 1212 3092 ipse
1235 3008 1312 3075 feris
1335 3027 1520 3075 concurrere
1543 3026 1638 3093 posse
1660 3014 1789 3092 putatur

969 3110 1058 3175 solus
1075 3117 1112 3177 et
1132 3110 1268 3177 infestas
1290 3130 1364 3177 acer
1385 3117 1585 3196 prosternere
1605 3118 1738 3176 turmas.

969 3213 1087 3298 quippe
1109 3214 1170 3279 viri
1192 3215 1291 3280 decus
1313 3221 1346 3280 et
1366 3214 1521 3299 praeclari
1545 3213 1638 3297 signa
1659 3213 1777 3279 laboris

969 3315 1116 3398 victaque
1138 3317 1226 3383 bella
1247 3318 1376 3401 placent
1397 3317 1488 3401 regni
1510 3316 1660 3401 graviora
1681 3316 1828 3400 superbi,

970 3419 1093 3503 expulit
1115 3426 1149 3485 ut
1171 3420 1303 3501 Persas,
1330 3414 1442 3486 stravit
1464 3439 1526 3503 quo
1548 3418 1680 3484 vulnere
1703 3419 1838 3485 Parthos

968 3522 1104 3587 confisos
1124 3522 1227 3589 turbis
1249 3521 1421 3607 densisque
1442 3524 1569 3588 obstare
1592 3511 1736 3606 sagittis,

967 3632 1109 3709 tempore
1130 3646 1194 3709 quo
1217 3625 1274 3692 lati
1297 3632 1466 3691 manarunt
1487 3624 1624 3691 Nitnibis
1645 3625 1715 3708 agri

970 3728 1127 3811 sanguine
1149 3729 1335 3810 Persarum,
1361 3729 1543 3811 Parthoque
1565 3750 1585 3793 a
1607 3747 1684 3812 rege
1707 3727 1866 3794 secundus

969 3849 1160 3913 congressus
1183 3829 1352 3913 Nabedes,
1377 3830 1479 3896 fretus
1501 3831 1617 3896 virtute
1639 3829 1755 3912 ferruci,

968 3933 1076 3998 amisit
1099 3933 1201 3999 socias
1223 3933 1293 4018 ipso
1315 3941 1488 4019 superante
1510 3940 1672 4015 catervas,

968 4036 1190 4120 effugiensque
1213 4056 1289 4102 suas
1311 4044 1402 4103 actus
1423 4035 1593 4102 formidine
1615 4042 1727 4120 portas,

843 4160 873 4201 os
968 4138 1119 4206 claudere
1140 4139 1194 4205 vix
1217 4140 1335 4224 potuit,
1352 4139 1564 4222 *mediamque
1586 4138 1619 4204 in
1642 4138 1780 4205 Nitzibis
1802 4160 1908 4207 arcem

862 4256 914 4385 ,qq
955 4243 1126 4329 lliomanos
1148 4242 1252 4328 erupit
1273 4262 1388 4326 eques,
1415 4242 1576 4326 victorque
1598 4241 1757 4308 Iohannes

967 4346 1135 4411 Persarum
1157 4347 1303 4412 excelsas
1325 4345 1484 4413 concussit
1506 4344 1638 4430 cuspide
1659 4352 1779 4429 portas.

966 4448 1119 4533 principis
1141 4457 1215 4515 ante
1238 4450 1346 4515 oculos
1368 4448 1549 4514 discnnunt
1570 4456 1684 4514 cuncta
1706 4447 1812 4514 fidelis

966 4551 1060 4618 fortia
1081 4551 1167 4619 sacta
1188 4551 1259 4618 siri.
1308 4559 1423 4636 pensat
1443 4558 1614 4633 versatque
1636 4550 1779 4634 labores,

965 4654 1238 4741 Theodosiopolin
1260 4662 1296 4721 ut
1317 4655 1437 4721 densus
1460 4654 1639 4719 vallaverat
1658 4653 1759 4720 bostis

965 4758 1131 4824 obsidione
1153 4757 1261 4841 gravi3
1286 4757 1388 4824 noctis
1410 4759 1496 4823 celer
1516 4757 1573 4823 ille
1595 4777 1652 4842 per
1675 4757 1804 4823 umbras

965 4868 1000 4927 ut
1021 4861 1155 4927 veniens
1176 4859 1295 4925 dubiae
1317 4860 1472 4926 succurrit
1493 4859 1661 4925 moenibus
1682 4858 1788 4941 urbis,

965 4966 1073 5031 hostes
1095 4982 1152 5047 per
1173 4962 1296 5029 medios
1319 4970 1426 5047 portes
1448 4963 1613 5046 ingressus
1635 4961 1773 5043 amicas,

896 5066 899 5073 ’
963 5068 1092 5135 territus
1115 5074 1212 5149 utque
1234 5064 1351 5151 pedem
1373 5065 1472 5132 muris
1495 5065 1654 5131 subtraxit
1674 5066 1716 5131 ab
1738 5064 1805 5131 illis

838 5193 868 5233 rr
962 5172 1079 5254 ingens
1101 5169 1310 5245 Mermero'c's,
1337 5168 1512 5250 densisque
1536 5176 1571 5233 ut
1592 5167 1718 5234 saevior
1740 5168 1837 5234 annis

647 5436 680 5485 3⁴
698 5450 760 5485 onus
773 5438 866 5497 sopri,
879 5433 995 5483 bonosP
1096 5431 1129 5480 36
1148 5442 1249 5491 surgere
1266 5428 1287 5476 Τ
1388 5428 1419 5477 37
1439 5428 1572 5478 infundere
1586 5427 1698 5489 anbm„
1718 5429 1859 5479 sunderoP
1959 5429 1992 5479 ⁴3
2010 5434 2166 5484 etmstusr

577 5524 696 5587 perieulis
716 5521 737 5569 Τ
874 5518 907 5569 ts
926 5519 1049 5568 meditans
1068 5515 1186 5578 Lucum„
1213 5514 1341 5564 moderans
1363 5515 1384 5562 Τ
1520 5515 1552 5564 55
1571 5516 1675 5563 infestas
1693 5515 1778 5577 Bekis„
1805 5516 1912 5564 infessus
1932 5515 1962 5579 Τ,
1987 5517 2100 5567 luteum
2119 5519 2197 5571 Musa.

577 5608 611 5659 60
628 5608 779 5658 mandarunt
795 5606 896 5655 nuzlbis
913 5604 1003 5654 acriT
1122 5602 1152 5651 61
1174 5602 1295 5651 secundos
1313 5600 1393 5653 Mosa.
1516 5600 1548 5651 62
1567 5600 1680 5651 Nabedes
1696 5601 1782 5661 Beleia,
1803 5615 1850 5651 nec
1867 5601 1943 5663 babet
1962 5602 1983 5651 Τ
2104 5606 2137 5655 63
2156 5607 2201 5655 ια-

576 5696 647 5747 misit
665 5693 687 5742 Τ
802 5691 835 5743 65
853 5691 1012 5753 mediumque
1030 5689 1141 5751 Lucbm.,
1161 5688 1293 5750 medieque
1313 5687 1343 5751 Τ,
1364 5686 1495 5751 mediaque
1514 5687 1592 5737 Musa.
1698 5701 1779 5737 arcem
1798 5686 1912 5749 baum„
1932 5701 1974 5737 ure
1994 5687 2024 5751 Τ,
2044 5703 2100 5738 aros
2119 5690 2197 5741 Maza.

576 5780 609 5831 66
627 5780 750 5833 Romnum
768 5779 852 5841 eruplt
870 5777 984 5838 Lorium,
1004 5789 1117 5825 romanus
1136 5774 1231 5837 dirupit
1248 5777 1275 5822 in
1291 5775 1371 5837 irupit
1389 5778 1400 5823 l
1415 5789 1449 5823 m.
1469 5778 1593 5823 mutatum
1609 5773 1637 5835 Τ,
1658 5774 1750 5837 irrupit
1767 5773 1892 5824 Romnum
1910 5772 1990 5824 Mosa.
2098 5775 2130 5825 to
2148 5780 2199 5826 teo·

575 5865 643 5914 (losio
661 5866 745 5927 ypolin
766 5863 786 5910 Τ
891 5863 1023 5913 nudauerlt
1043 5860 1119 5909 Meas.
