5042 6726
538 532 598 596 LX
1236 531 1467 589 PROOEMIVM.

536 754 685 821 storicam
707 772 904 837 magnopere
926 746 1062 850 adiurit,
1093 759 1126 817 et
1148 759 1331 838 poetarum,
1363 775 1443 838 qnos
1465 755 1623 841 corippus
1645 756 1781 838 legisse,
1814 756 1991 841 expilasse,
2024 756 2168 822 imitatus

537 894 610 940 esse
639 872 780 953 videtur,
814 872 900 938 locos
921 873 968 938 ita
991 873 1135 956 collegit,
1168 880 1204 940 ut
1231 894 1295 940 non
1324 875 1418 940 modo
1443 875 1621 977 litterarum
1647 875 1800 941 historiae
1822 875 1982 941 studiosis
2012 874 2167 941 iudicium

536 995 576 1059 de
598 999 712 1077 poetae
734 991 865 1075 ingenio
887 998 1069 1077 promptum
1093 1000 1126 1059 et
1146 1000 1293 1077 apertum
1315 1001 1412 1076 esset,
1439 994 1498 1060 sed
1518 994 1615 1060 efiam
1638 994 1856 1061 emendationi
1877 968 2072 1061 lobannidos
2090 995 2168 1059 sub·

536 1112 623 1179 sidia
650 1110 782 1177 aliunde
811 1111 914 1177 accita
942 1121 1142 1203 pararentur.
1189 1112 1314 1190 Quibus
1342 1114 1459 1181 studiis
1487 1121 1524 1180 ut
1551 1115 1714 1205 seipsum
1736 1113 1781 1179 ad
1803 1113 1935 1198 Corippi
1956 1114 2166 1180 Iohannidem

535 1230 766 1299 recensendam
788 1232 919 1314 egregie
942 1232 1141 1315 accinxerat,
1172 1233 1218 1298 ita
1246 1233 1321 1298 aliis
1351 1234 1437 1299 viam
1460 1233 1601 1299 criticam
1624 1234 1771 1299 munivit.
1817 1233 1856 1298 A.
1886 1236 1967 1297 1836
1990 1234 2093 1300 altera
2114 1234 2169 1300 Io-

535 1350 693 1417 hannidos
715 1349 814 1416 edific
836 1351 1023 1436 comparuit,
1049 1336 1256 1418 Bekkeriana
1278 1352 1409 1437 Corpori
1432 1351 1621 1436 scriptorum
1644 1353 1795 1419 historiae
1811 1352 2011 1437 Byzantinus
2032 1353 2163 1418 inserta.

535 1471 699 1538 Debemus
721 1469 796 1536 huic
824 1471 1003 1536 recensioni
1032 1470 1267 1536 enuntiatorum
1296 1471 1536 1537 distinctionem
1557 1473 1657 1537 multo
1685 1473 1861 1554 meliorem,
1882 1479 2022 1555 ,textum
2049 1471 2167 1538 deinde

534 1590 708 1673 diligenter
734 1596 906 1674 purgatum
936 1597 969 1656 et
997 1590 1189 1674 perpolitum
1210 1591 1409 1657 Lachmanni
1437 1598 1470 1656 et
1498 1591 1641 1657 Bekkeri
1670 1593 1772 1674 curis,
1811 1592 1867 1676 qui
1896 1592 2087 1657 coniecturis
2116 1592 2168 1656 in-

534 1710 676 1794 geniosis
709 1728 807 1794 saepe
838 1709 969 1795 Ocrippi
997 1712 1097 1775 verba
1126 1711 1266 1793 genuina
1295 1710 1497 1776 librariorum
1526 1712 1735 1795 neglegentia
1762 1713 1918 1778 offuscata
1946 1711 2163 1793 restituerunt,

534 1830 727 1913 aliquotiens
749 1829 853 1913 ipsius
875 1829 994 1895 codicis
1016 1829 1210 1895 Trivultiani
1237 1829 1408 1896 lectionem
1436 1851 1458 1895 a
1487 1831 1589 1914 primo
1611 1829 1734 1895 editore
1757 1851 1869 1915 parum
1892 1839 2094 1917 perspectam
2117 1830 2167 1894 di·

535 1951 695 2016 vinarunt.
742 1949 904 2031 Bekkero,
930 1968 1026 2031 quem
1048 1955 1165 2014 natura
1186 1950 1332 2016 acumine
1355 1969 1488 2025 summo,
1515 1969 1575 2015 sua
1597 1924 1754 2015 industria
1777 1950 1955 2016 eruditione
1977 1950 2167 2036 plenissima

534 2077 719 2151 ornaverat,
749 2088 847 2133 unum
868 2067 902 2133 in
925 2055 1016 2135 libris
1038 2068 1171 2154 Oorippi
1192 2068 1398 2137 recensendis
1422 2069 1539 2135 deluit:
1575 2070 1722 2135 codicum
1744 2071 1875 2136 anullo
1898 2090 2038 2154 unquam
2060 2070 2124 2135 nisi
2147 2090 2167 2134 a

489 2252 492 2257 ,
533 2190 647 2276 primis
670 2189 847 2255 editoribus
869 2188 1084 2272 inspectorum
1105 2208 1190 2254 nova
1213 2188 1353 2254 collatio.
1392 2189 1495 2253 Nemo
1517 2209 1658 2272 unquam
1674 2189 1805 2274 Oorippi
1827 2190 1925 2255 libros
1940 2189 2030 2273 legit,
2056 2189 2167 2271 quine

533 2311 625 2377 libris
647 2307 873 2391 manuscriptis
895 2308 1011 2373 iterum
1033 2308 1178 2373 excussis
1199 2307 1337 2374 fructum
1360 2308 1448 2373 haud
1470 2308 1575 2373 levem
1597 2315 1783 2393 perceptum
1805 2309 1846 2394 iri
1866 2309 1928 2375 sibi
1943 2308 2163 2394 persuaderet.

534 2431 604 2496 Nec
629 2436 707 2513 puto
735 2428 809 2512 plus
839 2427 923 2493 iusto
952 2427 1032 2493 mihi
1061 2446 1188 2494 sumere
1219 2448 1291 2495 eam
1318 2448 1407 2512 spem
1431 2428 1627 2495 contendens
1655 2448 1718 2494 non
1747 2449 1864 2494 vanarn
1894 2427 2013 2509 fuisse,
2048 2428 2165 2510 quique

535 2548 652 2615 deinde
674 2548 817 2614 earmina
838 2547 920 2613 baec
941 2547 1072 2613 infimae
1094 2566 1173 2613 sane
1195 2548 1329 2629 aetatis,
1364 2547 1423 2614 sed
1451 2546 1548 2633 pretii
1576 2568 1640 2614 non
1670 2548 1771 2614 infimi
1791 2549 1991 2633 tractabunt,
2025 2554 2111 2613 certo
2134 2556 2167 2612 et

534 2668 645 2735 stabili
667 2667 877 2734 fundamento
900 2685 1013 2733 usuros
1036 2686 1120 2748 esse,
1147 2687 1209 2750 quo
1231 2666 1339 2733 adhuc
1364 2667 1471 2733 studia
1492 2667 1653 2753 Corippea
1675 2675 1857 2734 caruerunt.

620 3130 690 3197 Iam
712 3150 808 3215 opere
830 3129 977 3195 absoluto
999 3129 1096 3196 finem
1119 3129 1280 3196 scribendi
1303 3131 1359 3213 qui
1381 3130 1515 3211 faciam,
1542 3130 1605 3195 nisi
1627 3131 1792 3211 omnibus,
1817 3129 1928 3213 quiin
1951 3129 2090 3214 Corippc
2112 3148 2165 3194 re-

535 3250 710 3332 censendo,
745 3248 955 3335 explicando,
988 3248 1190 3315 emendando
1213 3270 1265 3317 me
1286 3250 1498 3333 adiuverunt,
1530 3250 1654 3333 gratias
1680 3248 1808 3334 publice
1831 3248 1991 3314 dixerim?
2034 3248 2166 3312 Praeter

534 3379 659 3438 eeteros
681 3371 767 3436 viros
788 3368 1007 3436 nobilissimos
1030 3374 1062 3434 et
1078 3368 1291 3449 doctissimos,
1317 3388 1396 3452 quos
1412 3388 1470 3434 suo
1485 3388 1644 3453 quemque
1659 3366 1816 3451 prooemii
1830 3367 1900 3433 loco
1915 3365 1962 3432 ita
1977 3367 2161 3443 memoravi,

534 3499 586 3576 nt,
620 3488 699 3575 quid
720 3489 764 3556 ad
786 3490 869 3555 hanc
891 3488 1066 3554 editionem
1088 3488 1272 3571 augendam
1295 3487 1481 3570 contulerit,
1507 3494 1695 3572 appareret,
1720 3507 1819 3552 unum
1842 3506 1883 3552 ex
1905 3485 2020 3552 amicis
2041 3485 2167 3551 Vratis-

534 3609 735 3678 laviensibus
764 3610 841 3692 quin
869 3613 962 3692 grato
991 3606 1098 3673 animo
1128 3606 1180 3673 hic
1208 3607 1369 3673 nominem
1398 3607 1505 3673 facere
1535 3626 1599 3672 non
1627 3625 1776 3692 possum,
1813 3605 1982 3688 Hugonem
2013 3604 2162 3683 Michael,

533 3730 698 3816 gymnasii
719 3726 931 3795 Fridericiani
953 3733 1203 3812 praeceptorem.
1251 3726 1394 3804 Quocum
1423 3726 1459 3792 in
1487 3727 1584 3793 rebus
1606 3723 1844 3791 difficilioribus
1865 3732 1989 3791 tanmm
2011 3744 2075 3790 non
2097 3744 2166 3789 orn-

533 3852 628 3917 nibns
657 3856 724 3916 tam
752 3867 851 3933 saepe
879 3846 1048 3912 consilium
1079 3845 1215 3925 contuli,
1249 3852 1284 3911 ut
1305 3865 1410 3928 neque
1433 3844 1583 3912 editionis
1605 3845 1741 3926 librum,
1774 3864 1835 3911 nec
1863 3844 2017 3930 prooemii
2039 3850 2163 3929 partem

534 3971 634 4036 ullam
656 3969 809 4035 denotare
831 3967 963 4053 possim,
989 3967 1022 4031 in
1045 3986 1110 4049 qua
1132 3965 1201 4031 eius
1224 3965 1380 4031 auxilium
1403 3965 1483 4030 mibi
1505 3964 1655 4032 deluerit.

619 4089 686 4155 Tot
711 4093 871 4154 tantorum
898 4085 1038 4151 virorum
1067 4084 1151 4152 curis
1179 4084 1347 4153 benevolis
1369 4105 1411 4152 ne
1432 4083 1566 4168 indigna
1588 4084 1721 4150 editoris
1742 4084 1850 4152 studia
1872 4082 2058 4165 videantur,
2092 4088 2166 4167 opto

533 4216 566 4276 et
588 4228 654 4275 oro.

618 4359 834 4428 Vratislaviae
855 4359 968 4428 Idibus
990 4359 1181 4428 Octobribus
1203 4379 1235 4425 a.
1261 4360 1357 4424 1879.

1684 4509 1861 4610 loseptus
1890 4507 2057 4588 Partsct.
