5030 6734
1310 547 1458 604 OORIPPI

960 732 1103 797 fulminis
1124 733 1226 799 instar
1246 743 1347 802 erant.
1395 736 1474 803 latet
1494 743 1563 803 atro
1585 737 1719 822 pulvere
1741 754 1889 820 campus:

959 836 1014 901 rix
1036 855 1096 903 sua
1116 836 1183 902 tela
1204 845 1309 923 potest
1330 854 1460 925 pressus
1481 839 1546 905 iam
1568 859 1697 906 eernere
1718 839 1823 906 miles.

960 938 1096 1005 obnixus
1118 938 1231 1007 duetor
1252 948 1361 1009 eontra
1382 943 1489 1009 omnia
1510 944 1576 1011 tela
1597 943 1735 1025 resistit,

959 1051 1083 1111 vertere
1104 1050 1196 1129 terga
1217 1053 1341 1112 vetans.
1388 1066 1505 1130 magno
1525 1045 1730 1131 impendente
1755 1045 1890 1110 tumultu

833 1165 844 1205 r
958 1146 1110 1230 armigeri
1131 1148 1276 1215 cecidere
1298 1148 1379 1215 duo:
1407 1149 1494 1216 eadit
1513 1148 1655 1216 Ariarith
1677 1148 1792 1232 ingens

959 1251 1082 1318 missile
1102 1271 1165 1317 non
1187 1273 1267 1335 nno,
1294 1258 1327 1318 et
1348 1259 1475 1319 centum
1496 1273 1555 1338 per
1576 1253 1710 1318 vulnera
1732 1252 1829 1337 Ziper

958 1355 1193 1438 magnanimus.
1242 1355 1341 1421 durus
1362 1356 1520 1422 venientis
1542 1355 1718 1423 oomminus
1739 1355 1821 1421 iotus

958 1457 1099 1524 duetoris
1120 1458 1279 1525 transfixit
1300 1479 1426 1543 equum.
1474 1460 1559 1543 quod
1580 1459 1702 1525 missile
1725 1458 1838 1525 dextra

957 1560 1041 1627 aeris
1063 1563 1137 1646 equi
1158 1563 1287 1648 rapiens
1309 1562 1399 1628 fortis
1422 1564 1462 1630 de
1485 1582 1614 1648 corpore
1636 1562 1748 1629 duetor

832 1683 844 1723 r
958 1664 1054 1749 fregit
1076 1672 1108 1731 et
1128 1665 1162 1731 in
1184 1665 1299 1732 faeiem
1322 1665 1513 1732 furibundus
1536 1665 1646 1749 dirigit
1667 1665 1781 1731 hostis.

1043 1768 1097 1835 hie
1118 1768 1206 1834 fusos
1229 1769 1330 1836 soeios
1353 1776 1386 1836 ot
1406 1769 1471 1835 iarn
1494 1789 1554 1835 sua
1574 1770 1710 1835 vulnera
1732 1787 1864 1833 cernens

956 1870 1122 1939 infremuit
1143 1873 1265 1939 duotor.
1311 1880 1388 1941 tuno
1410 1892 1446 1940 ee
1468 1893 1565 1959 super
1587 1871 1689 1938 ardua
1710 1878 1802 1954 terga

957 1976 1133 2061 composuit
1154 1977 1302 2043 sublatus
1324 1977 1414 2061 equi,
1439 1977 1593 2061 vultuque
1615 1975 1731 2041 minaei

956 2079 1108 2146 terribilis
1130 2080 1265 2147 densum
1288 2080 1409 2166 dirupit
1429 2080 1570 2147 eonoitus
1592 2100 1718 2164 agmen.

956 2173 1056 2249 efficit
1077 2203 1154 2250 ense
1176 2184 1247 2250 uias
1268 2184 1399 2251 inimiea
1419 2205 1477 2270 per
1498 2184 1628 2269 agmina
1651 2184 1762 2250 ductor

956 2306 1029 2351 eum
1051 2287 1156 2353 sooiis.
1202 2288 1291 2355 aeies
1312 2289 1426 2373 pulsae
1447 2294 1566 2355 terrore
1588 2286 1735 2372 magistri

955 2396 1028 2475 post
1047 2396 1173 2475 tergum
1195 2391 1340 2457 redeunt.
1386 2392 1524 2478 spatium
1546 2391 1609 2458 sibi
1631 2391 1773 2456 vindieat
1794 2390 1905 2472 heros,

955 2500 1050 2578 atque
1073 2494 1141 2561 suis
1162 2494 1223 2561 iter
1243 2494 1277 2559 in
1299 2494 1423 2562 medios
1444 2502 1521 2561 tuno
1543 2494 1654 2579 dirigit
1675 2495 1802 2576 hostes,

954 2594 1130 2680 disponens
1149 2617 1208 2682 per
1229 2597 1323 2681 signa
1344 2598 1443 2681 viros,
1469 2603 1620 2680 areetque
1641 2595 1769 2679 sagittis

954 2698 1114 2783 Massylas
1136 2700 1234 2766 aries.
1279 2701 1361 2766 nulli
1382 2707 1539 2787 temptare
1561 2700 1717 2766 furentem

953 2801 1018 2867 iarn
1041 2809 1172 2887 potuere
1194 2802 1265 2869 riri.
1312 2804 1455 2887 sequitur
1476 2803 1656 2887 quiounque
1678 2801 1882 2886 magistrum,

954 2906 1088 2971 vulnera
1110 2925 1261 2972 eonverso
1282 2906 1451 2973 redeuntia
1472 2906 1607 2992 suscipit
1627 2926 1715 2971 areu.

953 3008 1109 3075 adversus
1131 3010 1202 3094 quis
1225 3010 1305 3076 forte
1327 3002 1422 3096 petit:
1449 3031 1507 3096 per
1527 3017 1639 3096 peetus
1660 3011 1811 3076 anhelum

953 3113 1081 3198 longius
1102 3119 1209 3180 ereota
1229 3113 1400 3180 transfixus
1424 3113 1567 3180 funditur
1587 3114 1691 3180 hasta.

952 3216 1010 3300 qui·
1029 3216 1122 3283 lateri
1143 3217 1298 3301 iungunt,
1323 3217 1439 3283 iaoulis
1461 3216 1670 3283 volitantibus
1690 3236 1781 3283 aeres

952 3318 1031 3385 dant
1051 3322 1194 3405 animas,
1219 3326 1388 3402 utrumque
1410 3322 1496 3387 latus
1519 3320 1660 3386 diffindit
1680 3319 1813 3385 arundo.

915 3408 930 3444 ⁰
1037 3430 1112 3490 trino
1133 3431 1278 3491 metuens
1299 3424 1464 3490 Nasamon
1485 3423 1624 3490 duetoris
1645 3424 1779 3508 iungere
1800 3422 1901 3506 signis

951 3533 1073 3610 cesset,
1100 3527 1187 3593 etin
1209 3527 1290 3593 latos
1312 3528 1440 3594 fervens
1461 3527 1614 3611 indagine
1636 3546 1765 3612 oampos

951 3630 1075 3715 spargit
1096 3650 1212 3713 equos,
1237 3631 1374 3715 illosque
1395 3639 1506 3715 necat,
1532 3632 1586 3715 qui
1608 3631 1702 3715 signa
1723 3630 1856 3713 fugaces

824 3752 854 3790 ‹s
951 3732 1140 3817 deseruere,
1165 3734 1266 3817 viros,
1293 3742 1325 3800 et
1345 3735 1440 3819 primi
1453 3734 1566 3800 Martis
1586 3735 1720 3800 aoerbae

950 3836 1126 3903 extimuere
1148 3837 1270 3920 minus,
1295 3857 1335 3903 ao
1356 3837 1442 3903 versi
1462 3843 1554 3920 terga
1576 3836 1706 3903 dedere.

1035 3938 1101 4005 dux
1123 3946 1192 4004 erat
1213 3939 1382 4023 egregius,
1409 3938 1547 4005 dederis
1569 3939 1697 4005 nomine
1719 3940 1866 4022 fulgens,

949 4062 1008 4108 neo
1029 4042 1146 4108 uirtute
1167 4042 1287 4127 minor,
1313 4042 1464 4108 Romanis
1487 4044 1593 4109 olsms
1614 4043 1648 4107 in
1669 4042 1778 4109 armis.

949 4144 1034 4210 hune
1053 4145 1164 4228 prooul
1186 4152 1222 4212 ut
1243 4145 1353 4211 duetor
1375 4145 1552 4228 fugientem
1573 4145 1696 4230 proelia
1718 4145 1792 4212 latis

948 4247 1113 4333 prospexit
1134 4249 1274 4334 eampis,
1299 4248 1357 4314 tali
1380 4248 1426 4313 sie
1448 4268 1526 4314 vooe
1549 4257 1687 4315 seeutus.

952 4350 1051 4416 ‘haee
1073 4358 1122 4417 est
1144 4358 1251 4417 vestra
1272 4351 1376 4417 fides?
1418 4351 1465 4416 sie
1485 4353 1610 4436 proelia
1630 4353 1812 4440 movimus,
1837 4352 1955 4436 inquit,

952 4455 1004 4519 ‘ut
1024 4460 1135 4539 pereat
1156 4457 1299 4521 Romana
1321 4460 1457 4520 manuel
1499 4475 1584 4521 nuno
1605 4454 1728 4522 deseris
1748 4462 1860 4522 armai

948 4575 1011 4640 quo
1032 4556 1116 4639 ruis,
1142 4557 1279 4624 infeliri
1320 4577 1379 4643 per
1399 4563 1432 4623 te
1454 4558 1639 4625 miseranda
1658 4559 1821 4625 iuventus·

948 4659 1097 4744 famaque
1119 4666 1227 4726 nostra
1248 4660 1354 4746 perit'.
1401 4660 1541 4727 duotoris
1562 4661 1695 4728 vooibns
1720 4662 1777 4727 ille

948 4762 1091 4845 erubuit,
1118 4762 1268 4846 durisque
1291 4762 1382 4829 dolor
1404 4764 1499 4830 simul
1521 4765 1649 4831 ossibus
1670 4766 1759 4831 arsit.

946 4872 1022 4931 tune
1042 4864 1145 4950 pudor
1165 4864 1325 4932 infaustus
1348 4873 1461 4949 gentes
1484 4877 1629 4953 spectare
1651 4886 1805 4951 sequaees

945 4968 1082 5052 impulit.
1130 4968 1264 5035 hostiles
1283 4969 1465 5054 cupientem
1486 4990 1633 5056 rumpere
1654 4979 1776 5036 turmas

946 5071 1106 5155 urguebat
1126 5091 1212 5138 mors
1235 5092 1335 5137 saeva
1356 5072 1470 5138 virum.
1517 5072 1691 5140 defendere
1714 5079 1813 5139 oertat

631 5259 684 5312 666
702 5268 756 5311 stro
773 5262 861 5324 Haupt
881 5261 970 5323 Operas.
992 5263 1113 5327 111626,
1134 5264 1248 5312 stroxT
1366 5262 1414 5313 667
1434 5265 1564 5312 oenerel'
1677 5264 1727 5314 669
1745 5279 1832 5326 magno
1853 5265 1881 5325 T,
1902 5265 1928 5312 in
1945 5277 2003 5325 egro
2020 5263 2174 5325 76961666.

561 5346 611 5397 676
629 5348 758 5396 insitii·
860 5346 906 5397 671
927 5349 1028 5410 riperT
1130 5348 1181 5398 672
1199 5349 1384 5410 durusscsipst,
1405 5350 1503 5398 duroT
1597 5351 1765 5399 uenientesT
1858 5351 2030 5412 letiuescsipsi¹
2051 5351 2144 5399 latui*

560 5433 711 5484 intercidisse
727 5447 825 5483 sermm
840 5448 922 5483 naam
939 5437 1080 5496 suspicatur
1098 5435 1232 5485 Mommsen
1343 5434 1392 5484 677
1411 5450 1486 5497 super
1503 5435 1590 5497 Bere„
1610 5450 1655 5498 per
1677 5437 1698 5484 Τ
1804 5435 1854 5486 sis
1872 5439 1931 5499 equi
1948 5439 2042 5499 scripsi,
2062 5451 2126 5499 equo
2145 5437 2174 5498 Τ,

560 5520 709 5580 efi1V658
806 5520 853 5570 661
874 5521 961 5582 pulsae
974 5521 1060 5583 Bate,
1074 5522 1159 5584 pulset
1173 5523 1202 5584 Τ,
1216 5522 1300 5583 pulset
1313 5521 1390 5571 Mass.
1478 5522 1591 5581 magistri
1606 5522 1635 5581 Τ,
1650 5524 1839 5584 msglsterlegit
1851 5522 1929 5573 Musa.
2027 5521 2077 5572 665
2095 5528 2178 5585 ternp-

560 5607 656 5654 torel1
769 5606 819 5656 696
838 5607 948 5666 iungunt
968 5607 993 5665 T,
1014 5608 1124 5657 nenlunt
1142 5606 1220 5656 Mass.
1338 5605 1385 5656 691
1406 5608 1524 5656 nolonte
1541 5613 1676 5671 utrumqne
1694 5608 1752 5658 666.
1773 5609 1850 5659 lerlr.
1956 5609 2070 5658 diffindit
2087 5607 2175 5672 Meas„

560 5691 715 5741 defundltT
817 5690 867 5739 693
886 5696 965 5741 eessst
982 5695 1077 5755 scripsi,
1097 5693 1210 5742 oessitf
1312 5694 1413 5759 feruens
1425 5695 1518 5755 scripsi,
1540 5695 1642 5742 feruens
1660 5700 1686 5741 st
1700 5694 1729 5757 T,
1749 5696 1817 5744 ferus
1835 5709 1866 5743 ex
1880 5694 1958 5744 Mass.
2064 5694 2180 5744 76166-

560 5790 631 5826 mana
650 5777 740 5837 Mora,
758 5778 893 5827 romsml’
994 5792 1064 5826 nuno
1080 5778 1174 5828 deseris
1193 5777 1282 5840 flam,
1303 5791 1352 5841 quo
1369 5792 1436 5826 6666
1453 5793 1507 5827 nisa
1525 5779 1626 5828 desltT
1728 5778 1778 5829 765
1797 5781 1917 5843 dnrlsqne
1932 5781 1961 5844 Τ,
1980 5780 2109 5844 dnmsqns
2124 5795 2179 5829 mn·

562 5862 796 5924 lim,es.WE’.3
