5030 6734
1263 620 1411 675 cthPPI

914 805 989 871 dum
1013 815 1118 872 movet
1138 807 1174 872 in
1197 807 1322 889 dubiis,
1347 828 1431 890 quae
1454 809 1495 873 sit
1517 807 1644 873 fortuna
1666 808 1790 874 salutis.

913 909 1054 974 maxima
1076 911 1195 976 damna
1216 911 1323 977 ferens
1345 930 1450 976 rerum
1472 910 1605 977 victoria
1627 930 1689 975 non
1712 918 1772 976 est.

913 1019 979 1094 aut,
1006 1031 1046 1077 ea
1068 1012 1096 1079 si
1117 1021 1267 1097 pereant,
1293 1034 1351 1099 pro
1373 1014 1444 1097 quis
1466 1013 1510 1079 ad
1531 1012 1654 1097 proelis
1676 1013 1767 1094 veni,

914 1114 990 1198 quid
1014 1115 1136 1181 lucrum
1158 1116 1287 1182 victoris
1310 1116 1395 1182 erit?
1438 1136 1489 1181 me
1512 1135 1649 1199 namque
1671 1114 1809 1198 fatigant

913 1217 1020 1282 omnia
1041 1217 1138 1283 miste
1159 1218 1266 1284 molis·
1313 1217 1388 1284 hinc
1410 1218 1562 1283 damnum
1583 1217 1673 1284 triste
1695 1218 1874 1301 minantur,

913 1319 988 1386 hinc
1010 1320 1140 1386 laudem
1163 1320 1290 1387 differre
1312 1322 1440 1387 volunt:
1466 1326 1637 1405 partesque
1658 1320 1839 1405 triumphos

914 1422 955 1488 de
978 1423 1094 1489 nostris
1116 1424 1265 1491 manibus
1286 1424 1386 1490 missa
1407 1423 1527 1509 pietate
1549 1423 1711 1488 retollunt.

914 1525 1033 1610 captivi
1055 1533 1189 1610 pereunt
1211 1526 1298 1592 misti
1321 1547 1391 1592 cum
1414 1525 1563 1609 gentibus
1584 1525 1672 1609 Afri,

914 1627 941 1693 si
964 1646 1109 1712 pugnare
1131 1628 1247 1712 placet.
1295 1648 1378 1712 quae
1400 1628 1499 1693 nostri
1521 1628 1625 1711 gloria
1647 1628 1742 1711 faeti,

913 1729 940 1795 si
962 1730 1096 1796 miseros
1119 1730 1255 1796 demus?
1298 1732 1407 1796 nullus
1428 1731 1493 1797 iam
1515 1730 1654 1797 vincitur
1674 1730 1787 1796 hostis.

913 1834 1061 1915 consule,
1087 1833 1166 1916 quid
1187 1842 1315 1900 moveat
1337 1833 1408 1899 duri
1429 1833 1464 1898 in
1486 1832 1669 1898 discrimine
1689 1833 1787 1916 beili,

911 1942 1008 2018 atque
1030 1935 1173 2019 gerenda
1194 1936 1305 2002 refer'.
1351 1936 1479 2021 placide
1501 1937 1582 2002 haec
1604 1937 1792 2007 Recinarius
1816 1937 1908 2002 heros

878 2026 880 2030 ὗ
912 2037 1013 2104 edidit
1035 2046 1067 2104 et
1088 2038 1213 2104 modice
1236 2039 1335 2123 plena
1356 2057 1428 2104 cum
1450 2059 1529 2104 voce
1552 2039 1688 2104 locutus.

914 2141 1040 2207 ‘omnia
1061 2141 1254 2226 dispensans
1277 2141 1370 2208 misto
1392 2141 1609 2208 moderamine
1631 2142 1732 2207 virtus

911 2245 992 2310 haee
1014 2263 1139 2310 summa
1161 2252 1227 2326 est,
1253 2245 1335 2311 haee
1357 2245 1427 2310 sola
1448 2245 1571 2329 piacet,
1601 2245 1682 2310 haec
1704 2245 1832 2311 vincere
1853 2253 1969 2328 gentes

911 2366 950 2412 ae
971 2347 1101 2431 placare
1123 2353 1238 2431 potest.
1286 2353 1430 2431 praestat
1450 2346 1553 2429 quod,
1579 2346 1719 2412 maxime
1742 2346 1865 2430 ductor,

912 2448 1060 2515 virtutem
1081 2448 1270 2514 indomitam
1293 2455 1404 2514 sancta
1425 2449 1545 2533 pietate
1567 2448 1716 2514 revincis.

912 2550 1068 2636 quidquid
1090 2551 1208 2617 deinde
1231 2569 1345 2635 geras,
1370 2559 1499 2617 nostrae
1522 2558 1572 2617 est
1594 2551 1727 2617 victoria
1747 2551 1860 2635 partis.

912 2653 960 2720 sio
982 2654 1075 2736 ordo,
1101 2654 1148 2720 sic
1168 2660 1284 2720 cuncta
1305 2653 1432 2720 docent.
1479 2652 1573 2719 modo
1594 2654 1720 2720 mittere
1742 2653 1821 2720 duro

911 2758 1037 2841 legatos
1059 2776 1140 2842 opus
1163 2764 1213 2823 est
1234 2756 1392 2842 promissa
1413 2776 1493 2842 pace
1515 2762 1662 2840 tyranno.

912 2859 1055 2945 captivos
1078 2866 1237 2926 revocent.
1285 2859 1402 2925 nostris
1425 2858 1571 2925 discedat
1592 2860 1634 2924 ab
1656 2859 1720 2925 oris

768 2986 772 2997 ·
803 3008 807 3021 ι
910 2963 968 3028 ille
991 2963 1102 3028 furens
1120 2962 1241 3028 Austur
1263 2981 1380 3029 saevae
1403 2981 1461 3028 seu
1483 2961 1590 3046 gentis
1612 2963 1756 3045 Ilaguas.

912 3064 1064 3151 principis
1086 3064 1157 3150 ipse
1179 3063 1292 3148 iugum
1315 3064 1408 3130 solite
1432 3065 1565 3130 sufferre
1588 3071 1717 3130 coactus

912 3167 1057 3234 subiecta
1079 3167 1204 3234 cervice
1226 3169 1333 3234 vehat.
1382 3167 1411 3232 si
1433 3166 1565 3233 cesserit
1586 3167 1659 3250 ille,

911 3269 1019 3337 omnia
1041 3271 1133 3336 salva
1154 3269 1242 3336 fient.
1289 3269 1439 3354 ignosces
1460 3270 1611 3354 gentibus
1633 3269 1760 3355 insons,

912 3381 944 3440 et
965 3374 1093 3459 placide
1116 3371 1246 3439 dabitur
1267 3373 1385 3439 nostris
1407 3372 1541 3438 victoria
1562 3373 1670 3438 rebus.

911 3483 946 3544 at
967 3477 995 3541 si
1018 3477 1085 3543 fors
1107 3476 1250 3542 tumidus
1273 3476 1396 3543 steterit
1417 3475 1541 3541 cervice
1563 3475 1711 3559 rebellis,

910 3587 987 3646 tunc
1008 3579 1106 3645 armis
1128 3581 1331 3665 superandus
1352 3579 1423 3645 erit.
1469 3599 1529 3645 nee
1551 3578 1694 3663 paenitet
1716 3599 1856 3663 unquam

910 3702 967 3767 pro
989 3682 1131 3763 miseris,
1159 3682 1187 3747 si
1208 3688 1309 3748 morte
1332 3682 1460 3748 cadant.
1508 3688 1642 3767 peecata
1663 3682 1823 3748 Iohannes

910 3785 1001 3849 nulla
1022 3784 1114 3850 feret.
1161 3783 1266 3868 pictas
1288 3783 1403 3849 animis
1426 3783 1543 3849 illaesa
1564 3782 1706 3850 manebit

910 3893 1023 3971 coepta
1043 3885 1137 3952 tuis‘.
1184 3887 1335 3971 placuere
1357 3886 1431 3952 duci
1453 3887 1599 3952 consulte
1620 3886 1726 3952 fidelis

908 3989 994 4054 iusta
1015 3988 1086 4053 viri.
1133 3987 1281 4071 curisque
1303 3995 1395 4072 pater
1416 3988 1575 4054 resolutus
1597 3988 1726 4053 abillis

909 4111 972 4156 non
994 4098 1098 4156 vacat.
1145 4090 1272 4156 alterna
1292 4090 1483 4174 franguntur
1504 4097 1633 4175 pectora
1654 4111 1741 4157 cura.

995 4192 1162 4259 consilium
1186 4200 1344 4258 maturum
1367 4192 1443 4275 alit,
1470 4200 1503 4260 et
1523 4193 1676 4261 mandata
1699 4196 1836 4280 superbo

909 4304 984 4362 tunc
1005 4296 1094 4363 iubet
1115 4296 1309 4380 armigerum
1332 4297 1470 4362 celerem
1492 4296 1634 4381 perferre
1657 4304 1807 4382 manno,

907 4399 1027 4465 talibus
1049 4406 1145 4483 atque
1168 4399 1271 4465 docet.
1323 4398 1448 4484 ‘perfer
1469 4418 1543 4465 mea
1564 4399 1651 4466 dieta
1676 4401 1802 4467 rebelli.

909 4503 959 4569 his
981 4503 1109 4568 monitis
1130 4502 1247 4568 nostris
1269 4522 1364 4568 aures
1387 4503 1546 4569 contunde
1570 4504 1735 4588 superbas.

909 4607 985 4672 dum
1007 4613 1122 4689 gentes
1144 4611 1296 4690 peccant,
1323 4605 1428 4690 pietas
1450 4607 1594 4672 Romana
1616 4605 1765 4688 remittit,

909 4713 1085 4790 cunctaque
1107 4706 1223 4773 deletis
1246 4706 1344 4772 donat
1366 4707 1487 4773 delicta
1508 4708 1639 4775 libellis.

908 4810 1043 4895 perdere
1065 4829 1128 4875 non
1150 4816 1300 4894 properat
1321 4830 1542 4893 quamcunque
1564 4811 1597 4875 in
1620 4811 1744 4895 proelia
1764 4818 1909 4895 gentem,

908 4913 1094 4999 paeniteant
1116 4912 1144 4977 si
1166 4912 1253 4977 bella
1274 4919 1399 4994 tamen,
1426 4913 1454 4978 si
1476 4913 1608 4979 foedera
1630 4933 1734 4979 rerum

909 5016 1046 5082 subiecti
1068 5015 1260 5097 veniamque
1282 5015 1343 5080 sibi
1365 5033 1541 5101 pacemque
1563 5016 1735 5098 requirant.

910 5118 969 5184 sed
991 5117 1140 5203 princeps
1164 5118 1338 5184 elementer
1359 5137 1461 5203 agens
1484 5118 1530 5184 sic
1552 5117 1659 5183 omnia
1681 5119 1804 5184 mavult

565 5292 662 5299 umq-

589 5393 639 5442 :ms
658 5395 699 5443 hie
719 5395 740 5441 Τ
842 5394 892 5445 329
909 5396 1007 5444 deferre
1026 5393 1104 5443 Mass.
1210 5393 1261 5443 333
1279 5395 1368 5444 demus
1388 5393 1466 5443 Mass.
1572 5394 1623 5442 335
1643 5395 1742 5455 placido
1759 5398 1907 5445 erictonius
1928 5396 1949 5443 Τ
2052 5398 2102 5447 336
2120 5406 2147 5448 et

520 5481 615 5529 modice
633 5478 777 5543 Momasson,
803 5484 830 5530 in
849 5481 947 5531 modice
969 5481 997 5541 Τ,
1019 5482 1047 5528 in
1066 5480 1149 5529 medio
1167 5479 1245 5531 Maza.
1352 5481 1453 5528 locutus
1476 5480 1497 5526 Τ
1598 5479 1648 5528 337
1667 5481 1799 5542 dispensat
1822 5482 1842 5527 V
1944 5480 1994 5530 339
2011 5498 2039 5531 ac
2058 5484 2144 5539 Bekis..

519 5580 598 5628 ecque
621 5567 649 5627 Τ,
668 5572 744 5628 atque
767 5567 787 5613 V
906 5566 1003 5628 piscare
1025 5564 1046 5613 V
1163 5564 1212 5615 341
1233 5570 1317 5615 nostra
1337 5566 1357 5612 Τ
1478 5566 1527 5614 344
1545 5574 1664 5615 reuocent
1681 5571 1775 5629 scripsi,
1795 5576 1895 5616 reuocet
1916 5569 1944 5628 Τ,
1964 5569 2053 5618 reddet
2069 5570 2145 5620 sesa.

520 5651 570 5701 345
589 5666 678 5699 saeuae
690 5665 735 5699 seu
748 5653 832 5712 gentis
846 5651 933 5709 Mau..
948 5665 1009 5701 seue
1021 5665 1065 5700 scu
1077 5654 1162 5711 gentis
1177 5652 1205 5713 Τ,
1221 5666 1295 5700 saeuo
1307 5653 1414 5700 sectatus
1426 5653 1513 5700 mcum
1581 5651 1696 5713 hilagues
1712 5654 1733 5700 Τ
1832 5653 1882 5703 346
1900 5656 2018 5717 princeps
2030 5654 2108 5705 Moza.

518 5738 608 5786 solitae
627 5735 704 5786 itiam.
827 5737 877 5786 350
895 5736 994 5785 tumide
1014 5737 1092 5785 Maza.
1215 5736 1262 5786 354
1283 5739 1399 5801 peniteat
1420 5738 1441 5784 Τ
1569 5738 1619 5787 354
1637 5744 1703 5787 cetto
1724 5740 1745 5786 Τ
1874 5738 1923 5788 354
1943 5746 1970 5789 et
1986 5739 2044 5789 add.
2066 5740 2144 5789 Moza.

519 5822 570 5871 360
587 5824 630 5871 hic
648 5824 759 5871 monitus
780 5824 801 5870 Τ
905 5821 952 5872 364
973 5821 1033 5871 dum
1053 5821 1083 5883 Τ,
1103 5836 1160 5871 cum
1179 5822 1294 5871 dubitans
1306 5823 1381 5873 Redde
1489 5824 1538 5874 363
1556 5838 1706 5888 quacunque
1728 5824 1749 5873 Τ
1851 5823 1901 5874 364
1918 5828 2047 5886 ροοηὶωιῑ
2066 5825 2144 5877 Mass.

519 5907 570 5957 366
589 5909 624 5956 sic
645 5906 675 5966 Τ,
695 5905 755 5956 hoec
773 5909 830 5968 lacit
848 5906 927 5956 Maza.
