5042 6726
503 523 570 588 xx
696 515 701 521 ’
1200 520 1430 578 raoonurvu.

506 747 659 830 antiquae
686 746 778 829 (0.1.
796 747 834 811 L.
852 745 929 811 VIII
945 745 1019 829 210)
1046 744 1307 829 orthographiam
1322 763 1549 826 sequamur-
1573 743 1708 809 Colonia
1723 743 1876 810 Cillitana
1896 748 1989 826 inuno
2003 743 2135 827 Kasrin)

505 866 647 951 itineris,
680 866 767 949 quod
788 866 950 932 Theveste
979 885 1038 950 per
1059 864 1251 931 Suffetulam
1273 863 1506 930 Hadrumetum
1534 862 1624 946 tulit,
1656 862 1781 927 mansio
1811 862 1857 927 ita
1883 863 1917 927 in
1945 863 2048 928 triviis
2074 863 2139 928 sita

508 986 638 1069 444481),
663 994 699 1052 44
713 986 818 1052 Μ4441
839 984 942 1071 primo
963 985 1086 1071 proelio
1108 1004 1208 1069 prope
1224 984 1408 1050 Thevesten
1430 982 1495 1049 insi
1517 983 1580 1048 huc
1604 1002 1639 1048 se
1661 981 1805 1067 recipere
1828 990 1860 1048 et
1875 983 1975 1067 copiis
1990 982 2139 1048 omnibus

510 1105 652 1188 undique
682 1105 830 1172 celeriter
860 1105 1004 1172 collectis
1026 1105 1230 1171 Solomonem
1258 1108 1430 1188 expectare
1459 1110 1601 1187 possent.
1648 1102 1687 1167 In
1715 1121 1834 1185 magna
1863 1101 1962 1185 igitur
1989 1100 2135 1187 planitie,

488 1225 593 1308 lquae
615 1225 788 1292 Oiilitanae
810 1224 955 1291 coloniae
979 1224 1135 1307 subiacet,
1161 1223 1363 1288 Solomonem
1385 1243 1417 1287 a.
1437 1227 1498 1285 544
1523 1242 1544 1287 4
1565 1221 1687 1286 Μ44414
1708 1221 1828 1286 vietum
1851 1239 2045 1305 caesumque
2065 1240 2138 1287 esse

509 1345 654 1411 arbitror.
701 1344 888 1410 DiiudIcata
915 1343 995 1410 belli
1021 1342 1153 1408 ⁴fortuna
1173 1362 1215 1408 ne
1237 1341 1340 1407 Mauri
1362 1340 1493 1425 quidem
1515 1341 1672 1407 foederati
1693 1339 1847 1406 Romanis
1869 1341 1962 1407 victis
1984 1360 2139 1427 peperce-

480 1444 599 1563 stunt,
633 1463 692 1531 sed
720 1485 792 1530 cum
815 1463 988 1529 victoribus
1010 1463 1103 1529 mixti
1123 1461 1305 1547 provincias
1327 1460 1518 1548 depopulari
1540 1461 1774 1546 coeperuntlll.
1820 1459 1968 1545 Byzantii
1991 1468 2024 1526 et
2045 1481 2138 1527 erer-

507 1586 590 1651 eitus
619 1604 738 1667 magna
767 1589 858 1667 parte
887 1590 920 1648 et
942 1582 1024 1648 duce
1053 1581 1185 1666 egregio
1207 1580 1326 1666 privati
1348 1600 1419 1645 cum
1441 1580 1512 1646 acie
1534 1579 1705 1665 confligere
1728 1600 1792 1645 non
1813 1580 1986 1661 auderent,
2019 1579 2140 1665 oppida

507 1723 613 1789 pauca
641 1703 766 1769 munita
793 1708 982 1784 tenuerunt,
1014 1720 1111 1785 agros
1140 1720 1251 1766 omnes
1281 1700 1403 1765 Mauris
1431 1700 1662 1785 praedantibus
1691 1706 1926 1766 concesserumt.
1974 1699 2036 1778 Qui
2065 1719 2137 1765 cum

507 1844 592 1889 anno
621 1829 775 1908 vergente
803 1822 925 1907 praeda
954 1821 1060 1887 onusti
1083 1821 1212 1887 domum
1234 1819 1422 1903 rediissent,
1455 1840 1539 1885 anno
1561 1819 1749 1902 Insequeute
1777 1819 1859 1902 (545)
1886 1839 1986 1884 novas
2008 1819 2140 1903 rapinas

508 1943 615 2043 acturi¹
639 1943 755 2009 iterum
785 1942 819 2007 in
841 1941 1015 2027 Byzacium
1045 1946 1264 2007 convenerunt
1272 1941 1325 2022 ⁰¹).
1371 1940 1441 2004 Iam
1464 1939 1585 2005 Stutias
1614 1959 1756 2023 quoqne,
1775 1940 1845 2021 ¹qui
1866 1940 1964 2004 rebus
1986 1939 2140 2003 Romanis

507 2062 696 2128 florentibus
725 2063 758 2127 in
780 2060 982 2127 Mauretania
1004 2061 1143 2144 quietem
1167 2058 1344 2142 egeram),
1377 2058 1612 2143 prouinciarum
1635 2059 1849 2124 Romanarum
1871 2063 1963 2143 parte
1984 2057 2080 2142 potiri
2102 2077 2139 2122 se

508 2203 603 2269 posse
633 2200 786 2268 sperans,
823 2180 936 2266 paucis
965 2180 1175 2245 sectatoribus
1203 2178 1425 2259 Vandalisque
1455 2178 1648 2261 quibusdam
1680 2179 1816 2262 stIpatus
1847 2177 1984 2243 Antelae
2013 2196 2049 2243 se
2078 2177 2140 2242 ad-

506 2303 627 2386 lunxit,
666 2301 820 2385 brevique
848 2306 921 2385 post
950 2298 998 2364 rei
1026 2300 1108 2364 bene
1138 2298 1301 2382 gerendae
1330 2296 1555 2382 copiarumque
1583 2298 1804 2380 augendarum
1833 2296 2033 2363 occasionem
2061 2316 2140 2362 nac-

506 2430 558 2489 tus
582 2430 641 2488 est.

582 2574 874 2679 Qenim
898 2572 1063 2638 Sisinnioli
1087 2570 1190 2653 filius,
1224 2572 1437 2636 Romanorum
1460 2571 1526 2636 dux
1548 2577 1714 2655 strenuus,
1748 2571 1803 2655 qui
1824 2571 2000 2653 Byzacium
2023 2592 2043 2635 a
2064 2570 2140 2635 bar-

510 2674 821 2762 baris‘deiensurus
843 2692 1019 2759 exereitum
1042 2699 1118 2757 tunc
1140 2690 1330 2773 colligebat,
1363 2711 1435 2756 cum
1458 2691 1526 2755 alia
1547 2691 1737 2776 oppidorum
1760 2691 1953 2756 munitorum
1975 2688 2141 2774 praesidia

509 2817 552 2882 ad
582 2836 617 2881 se
646 2814 790 2897 uocauit,
822 2818 890 2877 tum
912 2812 1106 2893 Himerium,
1141 2811 1196 2894 qui
1217 2811 1349 2894 Byzaeii
1372 2811 1438 2876 dux
1459 2810 1657 2877 Hadrumeto
1686 2809 1949 2895 (Iustinianopoli)
1977 2816 2136 2894 praeerat,

507 2935 804 3020 Menephesemlil,
837 2932 968 3016 Byzacii
993 2931 1028 2995 in
1050 2930 1156 2995 vicum
1178 2931 1356 3014 quendam,
1389 2939 1532 3015 tempore
1555 2930 1686 2997 definito
1708 2950 1817 2997 seeum
1840 2929 2009 2995 conuenire
2031 2928 2136 2995 iussit.

510 3056 591 3122 Oum
614 3060 722 3120 autem
744 3053 801 3118 illo
822 3052 894 3136 ipso
909 3052 981 3116 loco
996 3050 1105 3115 hostes
1122 3057 1228 3116 castra
1244 3051 1391 3135 posuisse
1408 3048 1522 3116 certior
1536 3049 1640 3116 iaetus
1656 3056 1754 3133 esset,
1779 3051 1881 3116 altero
1896 3049 2007 3115 nuntio
2023 3048 2135 3130 alium,

508 3194 603 3259 quem
626 3180 759 3259 peteret,
784 3173 889 3237 locum
911 3171 1053 3236 Himerio
1077 3169 1253 3235 denotavit.
1300 3170 1387 3235 Casu
1409 3169 1529 3235 factum
1551 3176 1611 3251 est,
1636 3176 1672 3235 ut
1693 3170 1823 3236 nuntius
1845 3169 1898 3234 hic
1921 3188 1992 3234 sero
2010 3164 2141 3234 Hadru-

510 3301 631 3361 metum
653 3293 793 3375 veniret,
825 3291 989 3357 Himerius
1011 3289 1170 3374 prioribus
1193 3288 1354 3355 mandatis
1377 3289 1548 3355 obsecutus
1569 3309 1669 3374 prope
1691 3290 1921 3373 Menephesem
1942 3288 1977 3352 in
1999 3287 2139 3354 Antalae

510 3421 543 3481 et
565 3413 690 3479 Stutiae
719 3412 895 3478 exercitum
916 3409 1092 3490 incideret,
1125 3416 1158 3473 et
1179 3400 1384 3475 multitudine
1407 3409 1642 3475 circumventus
1665 3418 1843 3494 caperetur.
1890 3411 1979 3476 Bene
2003 3406 2049 3471 sic
2071 3426 2139 3471 rem

512 3533 687 3619 Procopius
715 3531 873 3617 exposuit.
920 3529 1024 3594 Minor
1051 3527 1133 3593 fides
1156 3527 1295 3613 Oorippo
1323 3529 1490 3609 habenda,
1524 3528 1580 3611 qui
1608 3550 1672 3594 non
1695 3549 1716 3594 a
1737 3530 1881 3596 Iohanne
1903 3529 2004 3613 duce,
2039 3533 2141 3599 seda

513 3654 620 3720 Stutia
641 3652 814 3738 epistulam
836 3650 944 3731 illam,
969 3668 1034 3732 qua
1055 3645 1218 3712 Himerius
1240 3668 1281 3713 ex
1303 3649 1382 3714 urbe
1406 3654 1557 3714 evocatus
1580 3646 1637 3731 sit,
1665 3648 1816 3732 scriptam
1839 3651 1956 3733 fuisse,
1982 3671 2042 3717 nec
2065 3670 2142 3718 casu

512 3773 661 3857 quodam,
688 3771 747 3838 sed
763 3770 888 3836 Stutiae
911 3767 1088 3833 calliditate
1109 3767 1143 3832 in
1166 3766 1305 3833 hostium
1327 3767 1463 3833 insidias
1477 3767 1638 3833 Romanos
1652 3768 1808 3853 pellectos
1823 3790 1896 3836 esse
1911 3773 2140 3855 argutaturli).

513 3893 663 3961 Ceterum
693 3899 744 3957 sat
772 3892 855 3956 bene
878 3888 1043 3971 utriusque
1066 3886 1228 3971 scriptoris
1250 3887 1450 3952 narrationes
1472 3885 1555 3952 inter
1577 3905 1612 3953 se
1635 3888 1829 3972 conspirant.
1877 3891 2029 3956 Turmam
2053 3893 2145 3975 equi·

599 4253 694 4317 89114.
718 4255 779 4302 Ant.
800 4267 826 4315 p.
847 4251 938 4301 5411.
976 4250 1088 4298 Marcelli
1107 4248 1194 4298 Airita
1218 4248 1345 4297 Christi
1368 4263 1395 4311 p.
1418 4246 1475 4298 139.
1513 4248 1608 4297 Gudrin
1630 4248 1733 4312 voyage
1756 4252 1823 4301 arch.
1849 4253 1911 4302 dans
1934 4255 1958 4303 la
1982 4255 2088 4314 regense
2111 4255 2144 4304 de

513 4342 594 4391 Turris
612 4342 625 4389 I
642 4355 668 4404 p.
690 4336 836 4389 arr-326.
874 4338 994 4386 Locorum
1013 4341 1103 4385 natura
1120 4348 1246 4398 perpensa
1264 4335 1374 4384 dubitari
1392 4335 1495 4397 nequit,
1521 4336 1585 4396 quin
1603 4349 1617 4383 4
1634 4348 1724 4397 magno
1741 4337 1849 4398 itinere,
1875 4352 1924 4401 quo
1943 4340 2068 4389 Theveste
2086 4354 2143 4390 cum

516 4426 642 4477 snuetula
660 4432 685 4475 et
701 4424 855 4474 Hadrumeto
872 4423 1039 4485 innuebatur,
1066 4421 1196 4471 Seillltana
1218 4423 1246 4470 ln
1264 4421 1359 4470 colonia
1376 4422 1417 4469 ria
1434 4421 1483 4469 4114
1500 4420 1648 4483 reverterit,
1673 4436 1737 4484 qnae
1754 4425 1886 4474 meridiem
1904 4439 1992 4474 versus
2011 4440 2056 4489 per
2074 4427 2142 4475 'lhe-

513 4515 603 4577 lepten
619 4511 728 4573 (Hansch
742 4511 765 4560 41
778 4511 854 4559 KIma
865 4523 941 4572 prope
953 4506 1092 4569 Ferianam)
1115 4507 1221 4571 Capsam
1242 4507 1319 4569 (nunc
1331 4505 1413 4569 Galsa)
1434 4508 1547 4570 petebat.
1580 4505 1661 4557 (iuius
1672 4509 1728 4557 riae
1739 4523 1797 4572 pars
1810 4510 1913 4559 dimidia
1924 4512 1991 4561 luter
2003 4512 2142 4574 Thelepten

513 4605 539 4649 st
556 4599 663 4663 Capsam
680 4599 730 4647 sita
746 4599 774 4645 in
792 4595 854 4646 Tab.
875 4595 949 4645 Peut.
969 4595 1037 4657 pieta
1054 4599 1135 4645 extat.

599 4699 633 4751 90
662 4700 716 4749 Ich.
737 4700 776 4749 111
794 4697 940 4748 442-444.

599 4702 641 4865 sii
661 4802 730 4853 Proc.
752 4804 777 4852 b.
797 4801 881 4851 Vaud.
902 4801 929 4848 11
947 4789 1123 4854 4311441444
1142 4792 1231 4849 44441
1249 4792 1331 4847 ὁτῶν
1349 4789 1520 4865 Μαυρουσίων
1539 4795 1642 4866 στρατὸς
1661 4793 1824 4865 ξυνελέγοντο
1842 4792 1915 4854 αὖθις
1934 4795 1960 4848 ἐν
1978 4794 2108 4866 Betucius.

597 4905 639 4970 92]
659 4907 730 4956 Prou.
749 4907 773 4955 b.
794 4905 878 4953 Vand.
898 4901 974 4952 1117
994 4902 1038 4951 114.
1065 4897 1143 4968 μόνος
1166 4915 1194 4951 re
1216 4895 1230 4950 ὁ
1250 4893 1362 4958 Badtina
1389 4900 1411 4963 (4
1429 4899 1552 4949 Germano
1569 4899 1659 4961 slatus)
1687 4896 1731 4950 σὺν
1750 4894 1886 4956 Battum:
1909 4896 2004 4971 ὀλίγοις
2027 4899 2090 4952 τιοὶν
2114 4901 2141 4958 ἐς

509 4988 688 5061 Marpessos<
705 4988 863 5063 ἀνεχώρησε,
882 4985 928 5039 sui
945 4984 1026 5039 uuida
1042 4991 1094 5038 τῶν
1111 5001 1179 5043 τινος
1191 4980 1322 5055 ἀρχόντων
1336 4987 1443 5055 γυναῖκα
1455 4982 1542 5054 λαβὼν
1554 4982 1632 5038 αὐτοῦ
1646 4982 1738 5053 ἔμεινε.
1770 4984 1838 5037 vict.
1854 4986 1921 5036 Tun.
1935 4988 1974 5038 ed.
1989 4988 2103 5037 RoucalM
2115 4988 2141 5037 11

509 5096 535 5144 p.
556 5078 606 5130 3118
635 5078 745 5128 ‘Basilio
762 5092 786 5126 v.
807 5091 829 5126 ο.
849 5089 898 5126 cos.
922 5075 953 5137 (4.
975 5073 1033 5137 541)
1055 5073 1145 5123 Stuass
1163 5072 1230 5136 apud
1247 5072 1358 5120 auream
1376 5084 1482 5134 regnum
1499 5074 1529 5122 14
1546 5072 1630 5122 Eremi
1649 5072 1764 5135 partibus
1781 5085 1839 5121 cum
1857 5074 1992 5133 tyrannide
2010 5073 2138 5121 assumit'.

596 5175 971 5244 93lPrcc.b.Vand.1123
997 5169 1134 5245 Μονεφέοη
1153 5190 1203 5226 4ο4
1220 5174 1822 5236 44414444444444444444441444114444444,
1848 5190 1924 5237 quam
1941 5176 2082 5225 Thevestae
2100 5176 2140 5221 vi-

508 5269 641 5320 41444414,
661 5268 723 5316 Ant.
743 5281 770 5329 p.
790 5264 833 5325 41,
856 5263 867 5312 1
888 5263 927 5312 W.
947 5262 1052 5312 indicat.
1090 5263 1171 5312 Locus
1197 5264 1280 5324 enim,
1307 5274 1355 5325 quo
1373 5261 1503 5310 Himerius
1526 5266 1614 5322 eaptus
1638 5265 1692 5321 est,
1719 5262 1823 5323 propius
1841 5263 1920 5311 multo
1939 5263 1969 5310 ab
1986 5260 2139 5309 Hadrumeto

497 5356 605 5426 74141444
622 5353 731 5402 videtur.

593 5456 636 5519 94)
656 5455 709 5505 loh.
729 5454 766 5502 IV
786 5451 814 5501 11
1234 5449 1365 5511 (Himerio)
1384 5450 1446 5497 urbe
1464 5447 1564 5496 sedenti

921 5536 1035 5585 blandior
1051 5536 1164 5583 14144444
1181 5534 1314 5583 mandatur
1331 5534 1441 5598 epistula
1458 5546 1549 5596 versu,

922 5623 1024 5671 nomine
1042 5621 1135 5684 scripta
1152 5619 1238 5681 ducis3
1259 5620 1383 5683 milesque
1402 5618 1523 5669 sihonius
1541 5618 1640 5667 intrans

924 5724 978 5759 esse
996 5708 1116 5758 Iohannis
1134 5709 1179 5777 alt.
1214 5707 1323 5769 legimus
1340 5698 1573 5765 mandatst‘yraunr

921 5797 1053 5845 credentes
1071 5795 1189 5844 mandata
1206 5794 1286 5844 ducis.
