5030 6734
888 546 1116 605 IOHANNIDOS
1135 551 1205 606 LIB.
1225 551 1306 606 VIII.
1330 549 1414 615 (VII).

725 737 854 821 iamque
876 739 946 805 dies
967 740 1111 823 alterque
1133 739 1203 806 dies
1225 740 1342 806 dilatus
1364 739 1405 803 ab
1427 737 1525 803 armis

726 848 795 906 arte
817 842 919 908 ducis.
965 848 1078 926 gentes
1100 842 1215 909 dubias
1237 863 1272 908 se
1294 842 1424 908 credere
1446 841 1568 926 campis

727 943 825 1010 efficit
845 945 917 1030 ipsa
938 946 1039 1027 quies.
1087 953 1206 1011 certum
1230 952 1320 1031 putat
1341 964 1414 1010 esse
1436 965 1586 1030 pavorem

726 1047 839 1112 infelix
859 1048 1036 1113 Nasamon.
1080 1048 1116 1113 in
1137 1049 1242 1134 planis
1263 1068 1381 1134 ponere
1402 1047 1496 1114 terris

727 1157 832 1216 castra
853 1152 958 1217 soluta
979 1152 1078 1217 iubet.
1125 1152 1258 1218 nimium
1279 1152 1344 1216 iam
1367 1159 1466 1216 morte
1489 1150 1666 1236 propinqua

726 1251 867 1317 audaces
888 1253 1012 1319 animos
1033 1259 1066 1318 et
1088 1273 1202 1319 saevas
1226 1261 1405 1339 sumpserat
1426 1255 1502 1319 iras.

812 1364 966 1422 convocat
988 1377 1006 1422 e
1028 1357 1142 1423 mediis
1165 1357 1328 1423 deducens
1350 1357 1481 1441 agmina
1502 1356 1600 1421 fossis

727 1458 894 1524 eonsilium
917 1459 1037 1525 ductor.
1085 1461 1173 1526 stetit
1193 1481 1313 1545 aggere
1335 1462 1450 1527 celsior
1470 1461 1553 1545 ipse.

728 1567 804 1627 tunc
825 1563 900 1629 lecti
921 1584 1038 1629 venere
1060 1564 1158 1630 duces
1180 1565 1340 1647 fortesque
1362 1563 1498 1645 tribuni,

728 1671 823 1748 atque
846 1685 903 1732 suo
924 1666 1058 1733 veniens
1081 1667 1260 1733 condensus
1281 1668 1315 1732 in
1336 1667 1464 1751 agmine
1486 1666 1580 1732 miles

728 1788 786 1853 per
807 1790 954 1836 numeros
975 1778 1159 1854 turmasque
1181 1771 1254 1836 ruit.
1299 1772 1458 1852 rebusque
1480 1769 1586 1835 fidelis

729 1873 926 1938 contrahitur
946 1874 1091 1957 Massyla
1111 1894 1225 1939 manus
1247 1875 1293 1939 sio
1315 1873 1411 1939 mista
1432 1872 1557 1938 Latinis

730 1994 789 2039 oeu
810 1976 954 2041 Romana
974 1975 1075 2042 ferox.
1123 1982 1253 2042 cunctos
1275 1997 1364 2041 amor
1384 1976 1454 2061 ipse
1476 1974 1620 2059 magistri

730 2076 944 2163 terribilisque
966 2087 1070 2145 metus
1092 2079 1214 2164 campis
1237 2099 1401 2145 occurrere
1422 2078 1526 2144 iussit.

731 2180 897 2245 unanimes
919 2180 1046 2245 habitus
1068 2187 1181 2265 gentes
1203 2181 1356 2247 discernit
1377 2188 1539 2265 utrasque.

731 2281 782 2346 his
804 2282 929 2348 tunicas
950 2282 1087 2365 ferrum,
1112 2282 1181 2365 his,
1205 2283 1302 2348 nudis
1324 2283 1365 2348 de
1387 2302 1473 2348 more
1495 2283 1641 2365 lacertis,

731 2405 872 2469 purpura
892 2385 978 2470 picta
999 2385 1098 2451 dabat
1117 2387 1207 2451 vario
1229 2387 1382 2471 permista
1404 2387 1519 2451 colore.

731 2488 792 2553 hos
815 2488 954 2572 clipeus,
978 2489 1037 2553 hos
1060 2495 1146 2554 cetra
1167 2488 1256 2572 tegit.
1304 2494 1368 2555 stat
1389 2487 1516 2554 casside
1539 2489 1644 2553 celsus

732 2589 825 2655 miles
847 2597 880 2656 et
900 2590 1075 2675 implicitae
1097 2591 1227 2656 Maurus
1250 2590 1411 2657 velamine
1433 2592 1552 2676 pallae.

731 2692 888 2757 astallus
909 2694 1021 2776 longos
1043 2713 1209 2760 removens
1232 2715 1253 2759 a
1273 2694 1376 2759 fronte
1399 2694 1551 2779 capillos,

732 2795 909 2862 missilibus
931 2796 1026 2862 nixus
1048 2797 1185 2881 geminis
1208 2804 1240 2864 et
1261 2798 1381 2883 poplite
1403 2796 1486 2863 flexo

732 2906 789 2965 aut
809 2899 890 2965 dura
910 2899 1047 2965 solidam
1069 2900 1213 2984 defigens
1235 2901 1369 2986 cuspide
1390 2907 1519 2967 terram.

733 3023 812 3085 qnos
835 3002 946 3069 ductor
967 3003 1092 3069 medius
1114 3004 1209 3069 dIctis
1231 3005 1348 3070 affatur
1369 3003 1491 3069 amicis.

737 3107 889 3171 ‘Romani
911 3107 1061 3191 comites,
1086 3107 1194 3173 fessae
1217 3127 1291 3192 spes
1314 3106 1408 3172 unica
1427 3114 1549 3189 terrae,

734 3216 821 3275 certa
843 3211 931 3276 salus
954 3211 1075 3295 Libyae
1097 3210 1212 3276 vestris
1234 3230 1319 3276 nune
1341 3210 1460 3295 pendet
1480 3210 1515 3275 in
1535 3210 1646 3275 armis.

733 3314 797 3379 iam
819 3314 941 3379 bellum
962 3314 1055 3380 finire
1077 3313 1170 3381 decet
1191 3314 1349 3397 durosque
1372 3314 1507 3380 labores.

734 3417 942 3501 pugnandum
964 3420 1038 3483 est'.
1084 3417 1217 3501 gavisae
1238 3416 1326 3482 acies
1348 3424 1524 3500 gentesque
1546 3416 1680 3482 Latinae

733 3520 827 3603 signa
848 3528 985 3586 movent.
1032 3540 1095 3585 vox
1117 3541 1183 3585 una
1204 3519 1327 3601 fremit,
1353 3521 1526 3606 populique
1548 3519 1709 3605 ducesque

734 3623 959 3708 Massylaeque
981 3642 1095 3689 manus
1116 3643 1234 3707 magno
1256 3623 1399 3689 cecinere
1421 3622 1558 3707 fragore.

734 3727 920 3812 promittunt
941 3728 1083 3808 animos,
1109 3727 1269 3809 curritque
1291 3747 1348 3812 per
1369 3727 1501 3810 agmina
1522 3727 1606 3793 laeto

735 3851 894 3897 murmure
917 3837 1031 3896 cuneta
1053 3850 1162 3896 sonus.
1207 3851 1270 3895 non
1293 3830 1339 3895 sie
1360 3830 1484 3914 agitata
1505 3831 1662 3896 resultant

735 3954 876 4017 aequora
896 3931 1039 3999 venturis
1061 3932 1157 4016 longe
1179 3932 1341 4016 signantia
1362 3933 1478 3998 ventis.

822 4037 922 4103 sensit
942 4044 978 4102 ut
1000 4036 1150 4120 egregius
1173 4037 1360 4121 populorum
1381 4044 1457 4101 vota
1478 4036 1654 4119 Iohannes,

735 4140 868 4206 consilio
890 4139 1023 4205 meliore
1046 4138 1155 4221 docet,
1181 4160 1263 4223 quae
1285 4138 1388 4224 prima
1409 4139 1523 4205 salutis

737 4262 836 4309 eausa
856 4242 934 4325 fuit,
959 4244 1118 4326 rebusque
1140 4241 1218 4307 data
1239 4250 1289 4308 est
1310 4242 1443 4307 victoria
1464 4242 1606 4307 summis.

736 4353 772 4412 ut
792 4346 937 4413 fremitus
959 4346 1076 4431 pressit
1097 4346 1273 4427 deamaque
1296 4345 1424 4411 silentia
1445 4345 1554 4428 iussit,

735 4449 862 4515 attoniti
884 4449 1001 4514 siluere
1023 4448 1101 4531 viri,
1127 4448 1305 4532 faciemque
1327 4448 1485 4531 loquentis

737 4552 924 4637 suspiciunt.
972 4551 1071 4617 animi
1091 4551 1190 4615 iussis
1211 4570 1369 4632 auresque
1391 4556 1553 4634 parantur.

737 4657 854 4721 affatur
875 4654 980 4721 socios
1003 4655 1090 4720 clara
1112 4653 1158 4719 sic
1179 4673 1258 4719 voce
1279 4653 1442 4737 magister.

740 4758 855 4839 ‘haeo‚
881 4758 977 4841 socii,
1003 4763 1165 4824 transacta
1187 4758 1269 4824 dies.
1316 4778 1375 4823 nec
1398 4757 1538 4823 crastina
1559 4777 1687 4841 pugnae

736 4868 812 4947 apta
835 4862 929 4928 datur
950 4862 1067 4944 durae,
1093 4861 1282 4945 dominoque
1305 4868 1430 4927 saerata
1451 4881 1509 4946 per
1530 4863 1637 4927 orbem
1660 4868 1719 4926 est.

737 4984 836 5050 quare
858 4963 963 5048 agite,
990 4984 1008 5028 o
1030 4984 1196 5049 proceres,
1222 4964 1348 5030 Christo
1369 4964 1562 5029 famulemur
1583 4970 1727 5028 ovantes.

737 5067 934 5154 praesidium
955 5067 1097 5133 lacrimis
1118 5067 1257 5133 humiles
1278 5086 1404 5133 oremus
1426 5068 1468 5133 ab
1489 5067 1562 5149 illo,

737 5179 769 5238 et
790 5172 912 5253 veniet,
939 5170 1080 5255 confido,
1106 5171 1221 5249 citum3
1247 5177 1422 5253 gentesque
1445 5170 1604 5253 malignas

737 5275 916 5359 confringet
936 5275 1054 5341 virtute
1077 5275 1173 5357 deus,
1198 5281 1386 5357 nostrosque
1408 5274 1534 5339 labores

737 5378 901 5464 respiciet,
926 5379 1106 5462 nostrisque
1129 5377 1219 5443 dabit
1240 5398 1323 5442 nova
1345 5377 1466 5460 gaudia
1488 5377 1593 5442 rebus.

425 5605 473 5654 179
491 5606 667 5669 sumpserltT
806 5604 854 5655 180
872 5608 970 5666 agmina
990 5603 1084 5666 Maza,
1113 5603 1281 5665 aghImiueI'
1422 5601 1468 5651 182
1486 5603 1547 5651 lecti
1564 5605 1658 5663 scripsi,
1685 5603 1731 5650 letl
1751 5603 1781 5663 Τ,
1809 5605 1869 5652 laotl
1889 5605 1966 5655 Musa.

358 5690 403 5739 181
425 5693 559 5754 turbasque
579 5697 591 5740 l
609 5707 655 5753 nu,
676 5697 819 5753 turmasque
838 5692 854 5738 9
871 5708 904 5739 m.
928 5691 949 5737 Τ
1054 5690 1098 5739 191
1120 5696 1187 5738 cetra
1205 5692 1266 5750 tegit
1285 5688 1374 5747 Muza,
1394 5695 1491 5751 sceptra
1508 5689 1613 5749 regltT
1719 5688 1767 5737 191
1786 5689 1968 5737 missilibusl'

354 5776 404 5826 203
416 5779 483 5825 latus
497 5781 522 5824 fn
533 5776 583 5824 loto
596 5782 608 5825 1
622 5792 657 5827 m.
670 5781 793 5825 mutatum
806 5777 827 5823 Τ
929 5776 979 5825 205
993 5782 1111 5825 uenturos
1124 5781 1151 5826 in
1162 5778 1278 5824 uenturis
1293 5779 1304 5823 1
1317 5791 1352 5825 m.
1365 5779 1489 5823 matonam
1502 5774 1532 5836 Τ,
1553 5780 1672 5823 uenturos
1685 5800 1717 5809 —
1731 5780 1820 5822 uentos
1834 5773 1969 5822 Mommsen

354 5863 399 5913 211
421 5864 605 5926 suscipiuntT
709 5861 758 5911 213
776 5863 837 5912 baec
856 5863 884 5925 Τ,
905 5876 951 5911 nec
970 5862 1047 5913 Muza.
1162 5860 1379 5911 clusuratam.
1401 5862 1485 5922 aeus„
1505 5876 1540 5910 ou
1556 5862 1598 5923 pla
1616 5862 1685 5910 enlm
1700 5859 1835 5922 praeferret
1852 5859 1970 5911 cassam

1710 5963 1763 6014 13⁴
