5042 6726
1050 562 1280 620 Paconnrvu.
1900 564 1982 631 χιχ

351 788 474 855 auxilio
503 807 544 852 ne
573 785 768 870 privaretur,
802 786 983 854 Solomonis
1009 786 1185 871 'plurimum
1215 786 1400 853 interfuisse
1430 794 1462 852 et
1484 770 1614 872 Oorippi
1637 809 1654 853 e
1677 788 1747 855 loco
1776 792 1880 868 coll„
1914 809 1977 872 quo

353 908 485 992 triginta
507 905 597 971 milia
619 906 757 971 uirorum
780 904 853 971 lruic
876 907 945 988 regi
967 905 1114 992 paruisse
1136 906 1366 992 comperimus,
1393 914 1425 971 et
1448 925 1487 971 ex
1510 905 1640 987 itinere,
1665 927 1729 991 quo
1751 907 1879 973 Solomo
1902 907 1983 974 Oar-

352 1028 486 1113 tlragine
501 1026 647 1091 hostibus
663 1025 788 1090 obuiam
805 1024 873 1107 ivit,
900 1025 1081 1107 collegeris.
1127 1026 1241 1110 Neque
1257 1026 1343 1091 enim
1357 1024 1410 1090 ria
1426 1025 1544 1091 litorali
1559 1026 1792 1093 Hadrumetina
1806 1026 1981 1112 Byzacium

354 1148 486 1234 petiuit,
513 1146 572 1211 sed
594 1144 763 1228 Bagradas
786 1144 984 1229 pervellem
1007 1145 1208 1226 Thevesten,
1236 1146 1346 1211 urbem
1368 1144 1541 1211 Numidiae
1563 1146 1783 1213 meridionalis
1805 1147 1983 1213 munitissi-

352 1289 438 1333 mam
448 1270 499 1350 s⁴),
526 1265 687 1351 profectus
710 1263 760 1329 bic
777 1284 849 1329 cum
865 1264 996 1345 Casina,
1023 1284 1117 1348 quem
1132 1264 1242 1330 hostes
1256 1264 1384 1346 magnis
1400 1264 1463 1329 iam
1480 1265 1581 1350 copiis
1597 1265 1754 1350 pressisse
1769 1266 1979 1351 videnturssil,

351 1395 458 1453 castra
486 1386 600 1451 iunxit.
649 1384 774 1449 Deinde
804 1384 940 1468 primunr
970 1384 1100 1467 quidem
1129 1384 1310 1449 Maurorum
1340 1384 1509 1450 rebellium
1539 1404 1671 1451 numero
1700 1385 1824 1469 ingenti
1853 1386 1982 1452 territus

353 1527 425 1573 cum
448 1505 728 1589 Laguantensibus
758 1503 799 1569 de
827 1524 907 1589 pace
936 1504 1157 1589 componenda
1181 1523 1278 1586 agere
1305 1502 1420 1588 coepit.
1467 1504 1547 1569 Cum
1570 1510 1678 1570 autem
1700 1504 1983 1572 hostes‘uictoriae

353 1645 411 1711 spe
445 1624 541 1691 erecti
571 1623 775 1689 condiciones
804 1643 915 1689 omncs
944 1623 1147 1705 reiecissent,
1184 1643 1326 1708 pugnam
1355 1623 1492 1707 parauit.
1540 1623 1717 1690 Occasione
1747 1643 1825 1690 usus
1855 1632 1979 1708 partem

353 1744 513 1812 exercitus
535 1743 669 1809 Maurici
696 1743 819 1827 praeda
848 1763 966 1827 magna
994 1750 1159 1808 oneratam
1189 1742 1359 1828 oppressit.
1408 1743 1473 1808 Sed
1501 1743 1612 1828 paullo
1642 1752 1714 1828 post
1743 1763 1814 1809 cum
1843 1744 1981 1810 lrcstiurn

353 1864 455 1949 copiis
485 1863 643 1929 uniuersis
673 1881 865 1946 congressus
894 1863 1121 1947 Byzantiorum
1152 1862 1327 1942 exercitus,
1361 1882 1554 1946 quamquam
1585 1862 1757 1930 fortissime
1780 1863 1980 1946 aliquamdiu

352 1985 525 2067 restiterat,
549 1982 681 2049 tandem
703 1980 908 2047 multitudine
931 1989 1100 2067 superatus
1121 1988 1213 2064 terga
1236 1980 1336 2047 dedit.
1376 1982 1613 2073 §chilligipiffi
1640 1983 1695 2065 qui
1718 1983 1887 2066 armigeris
1907 1982 1981 2049 fidis

353 2105 492 2190 stipatas
520 2102 641 2168 diutius
668 2101 784 2168 ceteris
809 2101 949 2166 hostium
971 2101 1124 2186 impetum
1148 2101 1359 2183 sustinuerat,
1394 2121 1465 2166 sero
1486 2101 1521 2166 in
1542 2101 1653 2189 fugam
1677 2102 1977 2194 conversusperi-it,

353 2227 487 2307 Pugnae
516 2221 612 2288 huius
640 2220 750 2287 fatalis
780 2220 1028 2306 descriptionem
1058 2220 1236 2305 simplicem
1266 2228 1298 2285 et
1327 2220 1485 2286 sinceram
1514 2221 1667 2306 Procopio
1697 2222 1862 2307 debemus.
1910 2222 1983 2288 Non

355 2343 510 2423 defuisse,
536 2340 592 2425 qui
613 2361 675 2406 non
697 2340 837 2407 hostium
859 2360 1001 2423 numero,
1027 2340 1086 2406 sed
1108 2340 1290 2405 Maurorum
1312 2339 1549 2405 foederatorum
1571 2342 1707 2426 perfidia
1729 2342 1782 2407 uel
1798 2341 1983 2408 Guntarithi

354 2461 534 2547 proditione
564 2461 724 2525 Romanos
754 2459 938 2545 profligatos
968 2479 1040 2525 esse
1069 2467 1310 2539 asseverarent,
1348 2458 1479 2543 Oorippi
1507 2479 1524 2525 e
1554 2460 1733 2527 Iohannide
1763 2461 1917 2527 discimus
1928 2464 1980 2544 sq,

354 2581 421 2647 Sed
449 2580 629 2646 rumoribus
657 2580 793 2661 talibus,
826 2579 944 2663 quibus
973 2578 1134 2645 exercitus
1160 2579 1236 2644 victi
1259 2578 1413 2643 solacium
1437 2599 1553 2645 varrum
1576 2587 1744 2665 captantes
1764 2580 1982 2647 infirmitatem

356 2701 560 2768 dissimulare
583 2699 649 2765 fere
673 2700 787 2783 solent,
812 2698 908 2764 fidem
925 2699 1107 2764 habiturum
1123 2698 1218 2763 credo
1233 2698 1404 2763 neminem.
1446 2699 1565 2765 ritune
1580 2721 1598 2765 e
1613 2699 1700 2767 fonte
1716 2700 1861 2785 Procopii
1874 2720 1986 2765 narra-

354 2822 432 2888 tioni
460 2821 538 2886 addi
566 2820 690 2902 ailquid
718 2838 813 2904 posse
843 2838 976 2901 censeo,
1009 2818 1147 2884 Victoris
1168 2817 1397 2883 Tununnensis
1420 2837 1437 2881 e
1460 2819 1547 2902 loco,
1580 2839 1675 2902 quem
1704 2820 1830 2886 mendis
1852 2819 1983 2903 quidem

353 2942 543 3024 lacunisque
576 2938 775 3022 inquinatum
809 2938 966 3007 editiones
994 2938 1147 3004 exhibent
1156 2941 1214 3021 ⁸⁷),
1251 2937 1424 3021 genuinum
1451 2956 1527 3003 uero
1552 2939 1586 3004 in
1612 2939 1702 3005 libris
1727 2960 1824 3006 manu
1851 2939 1978 3024 scriptis

354 3081 440 3127 nunc
468 3059 605 3146 primum
635 3058 780 3125 excussis
802 3058 970 3124 Eualdius
998 3057 1130 3123 invenit.
1178 3057 1241 3136 Qui
1271 3077 1342 3122 cunr
1366 3078 1384 3122 e
1407 3057 1536 3124 schedis
1567 3059 1636 3125 suis
1658 3059 1875 3139 Mommseno,
1907 3068 2004 3145 pro-p

355 3181 479 3246 fessore
501 3178 730 3261 illustrissimo,
755 3184 885 3263 petente
906 3176 1065 3261 quidquid
1087 3176 1128 3241 ad
1149 3177 1364 3243 lohannidem
1387 3177 1613 3262 explicandam
1635 3178 1831 3262 pertinebat,
1858 3148 1997 3244 mecumJ

356 3297 649 3381 communicaverit,
675 3298 739 3362 iam
763 3297 967 3364 emendatum
990 3296 1126 3362 Victoris
1148 3296 1252 3361 locum
1275 3296 1458 3363 adscribere
1480 3298 1560 3363 milri
1582 3298 1725 3381 contigit.

447 3422 536 3506 ‘post
568 3417 769 3484 consulatum
799 3416 913 3483 Basilii
941 3437 973 3480 u.
1006 3437 1035 3481 c.
1065 3435 1148 3481 anno
1174 3415 1234 3480 III.
1266 3417 1382 3482 Stuzas
1414 3423 1570 3500 tyrannus
1603 3417 1747 3501 gentium
1781 3416 1986 3483 multitudine

356 3539 500 3605 adunata
521 3537 684 3606 Solomcni
713 3537 867 3621 magistro
890 3535 1026 3601 militiae
1049 3555 1087 3601 ac
1108 3535 1241 3621 patricio
1263 3535 1391 3600 Africae
1415 3536 1592 3621 ceterisque
1601 3540 1637 3622 8⁸)
1664 3538 1828 3602 Romanae
1850 3536 1987 3603 militiae

357 3658 492 3725 ducibus
514 3657 597 3724 cilio
626 3656 770 3723 occurrit.
818 3656 874 3721 nbi
904 3655 1132 3739 congressione
1160 3654 1246 3720 factu
1274 3655 1415 3740 peccatis
1445 3655 1573 3722 Africae
1596 3658 1760 3723 Romanae
1788 3656 1987 3742 reipublicae

359 3778 475 3844 militia
498 3784 677 3863 superatur,
705 3775 858 3861 Solomon
880 3775 1046 3858 utriusque
1068 3774 1235 3860 potestatis
1257 3774 1307 3838 uir
1328 3781 1478 3842 strenuus
1499 3776 1622 3862 proelio
1645 3775 1802 3842 moritur'.

444 3915 645 3998 Quamquam
668 3913 703 3978 in
725 3932 763 3978 eo
785 3912 915 3996 quidem
930 3912 1040 3978 Victor
1061 3911 1189 3995 errarit,
1214 3911 1300 3995 quod
1316 3910 1453 3977 Statium
1468 3911 1589 3978 Mauris
1603 3920 1679 3979 tunc
1695 3912 1875 3998 praefuisse
1890 3911 1984 3998 dixit,

358 4034 447 4101 haud
461 4041 571 4100 tamen
585 4033 801 4118 spernendam
815 4030 1006 4098 crediderim
1021 4031 1094 4111 loci,
1113 4051 1175 4115 quo
1190 4040 1368 4117 pugnatum
1383 4031 1435 4113 sit,
1454 4032 1658 4098 mentionem.
1683 4032 1798 4114 Neque
1813 4032 1898 4097 enim
1913 4052 1989 4117 per-

358 4174 470 4241 peram
492 4152 603 4239 oppidi
625 4152 713 4217 illius
734 4172 847 4237 parum
871 4151 1008 4217 celebris
1026 4171 1143 4217 nomen
1158 4150 1304 4236 scriptori
1318 4151 1351 4215 in
1367 4157 1507 4215 mentem
1522 4152 1652 4217 venisse
1666 4151 1734 4216 veri
1750 4151 1855 4217 simile
1870 4159 1930 4233 est,
1956 4158 1989 4218 et

359 4274 441 4339 situs
456 4272 527 4340 cius
541 4272 660 4357 optime
674 4291 748 4337 eum
762 4270 910 4356 Procopii
924 4271 1105 4336 narratione
1127 4271 1286 4337 convenit.
1325 4269 1444 4336 Ollium
1466 4270 1552 4336 enim
1573 4272 1627 4338 rel
1647 4308 1692 4318 -
1714 4277 1749 4336 ut
1769 4270 2001 4357 inscriptionis·

448 4636 490 4698 83)
511 4637 566 4684 Iolr.
586 4636 635 4683 VII
654 4632 713 4683 288.
734 4631 794 4682 267,
1379 4680 1385 4689 ,

449 4738 491 4795 84)
513 4738 559 4790 Cb.
579 4737 676 4787 Foraud
693 4736 772 4785 Notas
790 4749 834 4784 aur
852 4735 962 4783 Tebassa
979 4735 1042 4783 Rev.
1062 4736 1117 4783 Afr.
1137 4734 1224 4782 XVIII
1246 4731 1312 4783 1874
1330 4749 1355 4796 p.
1376 4733 1436 4783 437.
1458 4734 1517 4783 438.

449 4841 491 4905 85)
511 4842 565 4891 rau.
585 4842 623 4890 ιιι
641 4839 702 4890 cos.

450 4944 493 5006 86)
515 4943 570 4993 Gor.
590 4943 644 4992 leh.
658 4943 696 4992 III
708 4940 758 4992 fif
776 4940 889 4991 Ifuraces
907 4941 977 4989 fletos
995 4939 1108 5002 suscepit
1125 4940 1226 4989 amotus
1245 4939 1314 4987 artls.

776 5039 849 5076 merra
866 5027 972 5077 obrem
989 5030 1088 5085 manet,
1109 5026 1242 5088 quotlena,
1263 5023 1389 5086 Fortuna,
1409 5024 1521 5072 mlnaris.

775 5112 841 5173 heu,
863 5111 980 5161 Solamen
997 5110 1153 5173 miserande,
1173 5112 1226 5159 turis
1244 5110 1289 5159 hos
1306 5110 1412 5170 iungere
1430 5110 1518 5159 eastrls

776 5198 906 5249 debueras.

658 5284 697 5332 Ill
710 5281 761 5333 428
781 5283 916 5332 Guntarith
934 5283 1026 5332 infelix
1043 5288 1157 5332 nostrum
1175 5283 1313 5332 conterruit
1330 5294 1428 5342 agmen.

779 5382 828 5418 uon
846 5370 943 5418 vlctum
960 5369 1071 5430 fertum,
1092 5369 1180 5417 minax
1198 5381 1247 5416 non
1266 5370 1394 5428 presserat
1410 5366 1502 5425 hostia,

777 5467 827 5503 non
846 5461 930 5502 metus
948 5466 1005 5502 acer
1022 5466 1113 5515 ageus3
1134 5453 1179 5502 aed
1196 5457 1298 5500 vertens
1316 5456 1402 5500 mente
1419 5451 1530 5511 maligna

777 5541 850 5601 signa
867 5541 942 5588 refert
959 5540 1084 5602 fugitque.

451 5642 492 5708 87)
514 5643 582 5693 Vfct.
602 5644 668 5692 Tun.
689 5642 730 5691 ed.
750 5642 861 5691 Roncalli
877 5642 902 5690 11
921 5655 947 5704 p.
967 5639 1027 5690 378.

453 5744 494 5808 88)
516 5745 616 5794 Αῐιὶιιιι
634 5745 774 5808 mterfsque
791 5746 889 5806 erupit,
910 5744 967 5794 Afri
984 5745 1125 5807 ceterisque
1141 5740 1235 5792 adua
1252 5740 1301 5791 duc
1321 5738 1475 5807 fdctrtfeam
1492 5752 1557 5789 saec.
1578 5738 1646 5787 1111
1662 5742 1685 5787 et
1705 5736 1778 5797 XVI,
1799 5738 1892 5786 africae
1911 5737 1992 5787 aedn-

364 5834 452 5895 cisque
471 5830 525 5881 ced.
547 5830 721 5880 Emoriclmia
739 5844 802 5881 acce.
825 5830 896 5892 XVI,
916 5830 1017 5878 Afrfcae
1036 5829 1182 5891 aeducique
1200 5828 1238 5876 ed.
1259 5827 1338 5887 secl,
1360 5827 1459 5875 Alrfcae
1475 5825 1585 5887 ducique
1602 5821 1640 5872 ed.
1662 5821 1740 5872 Bone.

1744 5922 1784 5976 οἱ
