5034 6730
838 558 876 616 lN
894 560 1050 618 LAVDEM
1070 563 1212 621 IVSTINI
1232 563 1302 621 LlB.
1324 563 1361 620 11.

859 952 1019 1051 LIBIlR
1048 953 1351 1054 SECVNDVS.

767 1182 905 1249 Roscida
926 1204 1102 1269 purpureos
1124 1186 1247 1251 Aurora
1268 1185 1450 1252 ostenderat
1472 1191 1573 1266 ortus,

681 1285 815 1371 imperio
837 1294 962 1352 sacrata
983 1287 1053 1369 dei,
1080 1287 1278 1373 dominisque
1299 1290 1430 1356 iubebat

681 1408 806 1456 sumere
828 1410 1012 1456 concessum
1036 1392 1167 1457 caelesti
1189 1414 1320 1460 munerc
1341 1412 1485 1476 reguum.

680 1492 751 1575 ipse
772 1499 879 1559 autem
901 1514 1067 1579 procerum
1088 1496 1215 1579 magnis
1237 1496 1378 1562 cratibus
1400 1503 1490 1562 actus

681 1615 744 1660 non
767 1596 902 1679 primum
925 1598 1050 1683 imperii
1073 1599 1196 1682 regalia
1218 1599 1312 1683 signa
1333 1599 1469 1684 recepit,

573 1722 575 1726 ·
680 1698 714 1763 ni
736 1708 861 1765 sacrata
882 1701 970 1785 prius
993 1703 1131 1786 supplex
1152 1703 1282 1768 oracula
1303 1723 1439 1788 0000000

680 1802 792 1867 effusis
814 1804 965 1886 precibus
987 1805 1113 1871 Christo
1136 1824 1196 1871 sua
1216 1814 1291 1872 vota
1313 1806 1443 1872 dicaret.

680 1905 768 1973 ilicet
790 1907 937 1989 angelici
958 1928 1097 1992 pergens
1117 1909 1154 1975 in
1174 1909 1285 1975 limina
1306 1910 1418 1994 templi

680 2008 821 2093 inposuit
842 2010 896 2094 pia
917 2018 989 2076 tura
1010 2010 1090 2077 10010
1113 2031 1266 2096 cerasque
1288 2012 1443 2077 micantes

680 2112 809 2193 obtulit,
836 2120 869 2179 et
890 2114 1029 2198 supplex
1052 2115 1190 2180 lacrimis
1212 2115 1259 2181 ita
1280 2116 1386 2200 coepit
1405 2114 1533 2181 obortis.

684 2214 901 2300 ‘omnipotens
924 2217 1089 2301 princepe,
1116 2218 1231 2283 summi
1254 2226 1346 2302 pater
1367 2218 1476 2284 inclite
1500 2216 1606 2282 verbi.

679 2317 735 2382 lux
757 2326 888 2384 aeterna
909 2318 1006 2401 deus,
1032 2340 1137 2387 rerum
1160 2322 1309 2387 formator
1331 2328 1363 2387 et
1383 2329 1508 2402 auctor,

680 2421 770 2486 cuius
793 2421 982 2488 stelliferum
1005 2422 1082 2489 fecit
1104 2424 1263 2516 sapientia
1285 2425 1426 2507 caelum,

680 2522 827 2590 fundavit
847 2532 980 2605 terram,
1009 2526 1138 2592 vestivit
1158 2526 1289 2592 floribus
1311 2548 1423 2611 agros,

679 2627 845 2693 arboribus
867 2629 978 2694 tribuit
999 2649 1058 2695 sua
1079 2630 1240 2713 germina,
1266 2631 1406 2697 vallibus
1430 2630 1563 2711 herbas,

680 2737 713 2795 01
733 2730 815 2796 caeli
837 2730 974 2815 liquidos
997 2732 1161 2799 formatrix
1183 2734 1324 2800 condidit
1345 2735 1438 2818 ignes

679 2832 864 2899 discernens
885 2855 906 2900 a
927 2843 1018 2900 nocte
1041 2836 1126 2902 diem
1149 2837 1315 2921 rutilisque
1338 2843 1515 2903 comantem

679 2937 802 3001 omarit
824 2938 923 3003 solem
945 2938 1061 3019 radiis,
1089 2946 1121 3005 et
1142 2959 1260 3006 cornua
1282 2941 1377 3007 lunae

679 3039 833 3123 paulatim
856 3040 973 3124 minui,
998 3043 1153 3127 paulatim
1177 3063 1320 3109 00000000
1342 3043 1453 3125 iussit,

679 3142 828 3210 formavit
848 3145 955 3210 varias
978 3145 1090 3211 babitu
1113 3146 1251 3213 distante
1274 3147 1411 3230 figuras,

679 3245 829 3329 produxit
849 3248 959 3332 pronis
981 3248 1134 3314 animalia
1157 3257 1263 3316 001000
1285 3250 1452 3329 membris,

679 3349 780 3413 solum
803 3349 962 3416 hominem
984 3359 1121 3436 rectum,
1148 3374 1241 3436 quem
1263 3373 1338 3418 mox
1360 3353 1481 3419 ratione
1504 3352 1656 3436 replevit,

678 3452 842 3518 vivificans
864 3453 983 3519 siccum
1007 3475 1097 3520 sacro
1119 3456 1293 3540 spiramine
1315 3457 1434 3537 lutum,

567 3626 571 3635 ,
678 3555 768 3620 cuius
790 3558 952 3623 subtracta
973 3558 1071 3623 costis
1093 3579 1133 3625 ex
1156 3559 1303 3627 omnibus
1327 3581 1391 3625 una

569 3681 581 3717 u
678 3657 812 3742 perfecit
833 3658 917 3727 facto
940 3660 1095 3744 similem,
1121 3662 1310 3746 sociamque,
1326 3663 1463 3739 dicavit,

676 3760 789 3845 hisque
813 3772 1007 3846 creaturam,
1034 3765 1119 3830 claro
1142 3773 1192 3832 est
1212 3786 1295 3848 quae
1318 3766 1448 3832 subdita
1470 3766 1577 3845 caclo,

677 3865 853 3931 subiectam
875 3867 952 3934 fecit
974 3867 1074 3934 divini
1096 3869 1195 3935 iussio
1217 3869 1317 3936 verbi.

676 3988 756 4049 uuas
778 3969 836 4034 tibi
858 3971 997 4055 persolvi
1019 3979 1107 4038 tanto
1130 3993 1187 4056 pro
1209 3993 1340 4039 munere
1362 3980 1486 4057 grates,

677 4091 795 4154 parvus
817 4073 927 4153 bomo,
953 4074 1091 4140 inmensi
1114 4075 1217 4142 factus
1241 4075 1370 4142 factoris
1392 4075 1521 4157 imago?

676 4195 716 4239 en
740 4195 817 4258 ego,
845 4197 945 4260 parva
966 4187 1131 4244 creaturae
1153 4198 1244 4264 pars,
1272 4179 1420 4245 subditus
1442 4178 1534 4244 adsto

675 4285 748 4343 0010
771 4279 897 4361 oculos,
924 4281 1068 4364 excelse,
1094 4289 1176 4347 tuos.
1223 4283 1280 4347 tibi
1304 4283 1408 4348 servio
1432 4282 1492 4346 soli

675 4388 771 4462 atque
794 4402 899 4447 meum
922 4385 1073 4449 submitto
1096 4393 1209 4469 caput,
1236 4385 1286 4450 cui
1309 4384 1446 4451 flectitur
1468 4385 1523 4449 uui

675 4503 767 4549 00000
788 4504 892 4567 genu,
918 4507 1012 4569 quem
1035 4495 1150 4553 cuncta
1171 4495 1307 4572 pavent,
1333 4488 1493 4553 clementa
1513 4487 1708 4553 tremiscunt.

674 4608 819 4671 quaeque
842 4588 953 4655 vident
974 4590 1120 4655 homiues
1143 4598 1175 4655 ct
1196 4612 1259 4655 nou
1281 4611 1362 4673 quae
1385 4591 1474 4655 iussa
1495 4589 1597 4655 videri

674 4698 748 4757 ante
771 4693 879 4757 oculos
901 4701 975 4760 sunt
996 4694 1084 4759 clara
1106 4702 1194 4777 tuos,
1221 4694 1432 4775 famulantur,
1458 4692 1610 4773 adorant,

674 4801 707 4859 et
728 4793 862 4860 laudant
883 4794 1014 4862 factoris
1037 4816 1128 4882 opus.
1177 4797 1205 4861 si
1227 4804 1354 4883 sceptra
1375 4805 1485 4864 100000

674 4918 725 4962 me
747 4898 891 4964 Romana
912 4899 1004 4965 iubes
1027 4900 1206 4982 soliumque
1228 4900 1403 4966 ascendere
1425 4901 1541 4985 patris,

674 5001 702 5065 01
723 5001 781 5066 tibi
804 5003 986 5086 conplacuit
1007 5004 1142 5088 populos
1165 5004 1242 5069 mihi
1265 5004 1395 5070 credere
1417 5011 1541 5084 tantos,

673 5105 758 5170 velle
780 5112 869 5171 tuum
891 5106 943 5171 fac
964 5126 1059 5191 00000
1082 5127 1198 5173 meum.
1245 5114 1280 5172 tu
1304 5107 1423 5174 subicis
1444 5107 1570 5189 hostes,

473 5256 475 5259 .
545 5228 576 5268 ru
673 5209 757 5273 colla
778 5209 984 5293 superborum
1007 5210 1187 5293 furiataque
1209 5218 1336 5295 pectora
1358 5209 1499 5294 frangis,

357 5451 372 5500 2
391 5465 458 5499 00000
476 5450 503 5498 Μ
604 5452 766 5514 dominosque
784 5453 897 5501 0101011000
915 5453 976 5503 Rite.
1102 5453 1264 5503 furantibus
1281 5462 1371 5502 auctus
1389 5456 1416 5502 in
1433 5456 1544 5503 cratibus
1561 5461 1631 5503 actua
1652 5459 1663 5503 1
1683 5471 1716 5503 m.
1736 5461 1858 5505 matutam
1879 5457 1905 5504 M

289 5536 304 5583 5
323 5536 430 5597 prlmum
449 5534 485 5596 M,
505 5537 574 5598 prius
592 5536 652 5586 stu.
758 5538 774 5587 6
792 5540 819 5585 ni
840 5537 873 5599 M,
894 5553 970 5600 quam
982 5538 1054 5599 11111,
1075 5540 1135 5600 quln
1150 5541 1234 5603 301010,
1254 5539 1343 5599 000101.
1360 5541 1430 5586 1111
1538 5542 1568 5589 15
1586 5543 1656 5590 erbas
1675 5541 1703 5588 M
1807 5543 1837 5591 lb
1856 5546 1905 5591 for·

289 5624 379 5669 matrix
398 5621 434 5685 M,
454 5623 575 5671 firmatrix
592 5622 669 5672 Bortb
689 5624 797 5671 XXXVI
819 5628 848 5672 16
863 5640 890 5686 0,
909 5627 973 5673 1659
1097 5624 1126 5674 18
1144 5627 1242 5674 oruablt
1260 5625 1287 5672 Μ
1409 5626 1440 5675 tu
1459 5627 1550 5675 rulucit
1570 5626 1598 5673 M
1715 5626 1747 5677 23
1766 5628 1847 5677 lutum
1867 5629 1902 5687 M,

286 5708 374 5756 llruum
393 5707 470 5756 Burtb
490 5708 596 5757 XXXVI
616 5712 779 5770 1601659,
799 5710 840 5759 scd
857 5710 894 5771 cf.
914 5711 969 5759 Iob.
990 5712 1005 5757 1
1011 5711 1029 5757 V
1048 5713 1112 5758 1019
1250 5710 1426 5773 aspersurus
1445 5711 1504 5761 arc.
1644 5714 1677 5762 33
1695 5727 1760 5773 genu
1780 5714 1902 5775 11000001,

287 5809 366 5855 genus
385 5793 413 5841 M
514 5796 608 5857 pnbcnt
622 5794 649 5841 M
753 5796 786 5844 34
804 5811 852 5845 nou
870 5811 933 5858 quae
951 5798 1019 5845 iussa
1039 5794 1074 5857 M,
1094 5811 1157 5858 quae
1170 5811 1219 5846 non
1231 5797 1348 5845 10000001
1360 5811 1409 5844 non
1422 5799 1592 5858 permlssanel
1604 5813 1732 5859 uunquam
1744 5802 1812 5847 100οι
1832 5801 1902 5857 uuaz,

286 5894 350 5942 quae
368 5895 416 5929 nou
436 5882 501 5928 iusta
519 5881 596 5929 Burlb
615 5882 723 5928 XXXVI
744 5886 774 5929 16
790 5897 816 5942 p,
835 5886 906 5939 1661),
928 5897 976 5930 uon
995 5896 1058 5944 quae
1077 5885 1132 5930 ulca
1151 5882 1286 5929 Mormruren
