5030 6734
1260 537 1410 593 CORIPPI

909 727 1000 791 nulla
1022 745 1140 811 parens
1161 732 1254 791 natos
1276 726 1379 791 doluit
1400 726 1508 791 native
1531 732 1706 810 parentem.

910 850 928 894 o
951 829 1037 894 male
1060 828 1157 894 corda
1178 849 1293 894 novam
1316 848 1474 912 nusquam
1497 828 1687 913 plangentia
1709 832 1856 893 mortem!

909 931 1065 996 iustitium
1088 930 1220 1012 meruit,
1247 930 1306 996 sed
1327 931 1426 996 nullis
1448 932 1571 996 lumina
1592 931 1686 997 tectis

910 1032 1078 1099 effundunt
1099 1033 1260 1099 lacrimas.
1306 1033 1382 1098 vilis
1404 1052 1488 1099 mors
1511 1034 1657 1099 omnibus
1679 1034 1747 1098 illa.

908 1136 974 1201 iam
996 1135 1126 1220 Libycis
1147 1155 1269 1201 vacuae
1292 1136 1465 1201 cessabant
1486 1135 1608 1201 civibus
1631 1137 1737 1202 urbes.

910 1258 1001 1303 rarus
1024 1238 1111 1304 etin
1133 1237 1243 1303 multis
1265 1237 1412 1303 domibus
1436 1238 1489 1304 vix
1513 1258 1594 1304 unus
1617 1240 1769 1304 oberrans

910 1339 1042 1405 divitias
1064 1341 1162 1423 longa
1184 1340 1359 1422 quaerebat
1380 1340 1436 1406 lite
1458 1342 1611 1425 parentis.

909 1443 1088 1509 immeritus
1109 1443 1173 1508 iam
1196 1444 1311 1528 plenus
1334 1464 1448 1528 opum,
1473 1445 1528 1527 qui
1549 1445 1638 1510 mille
1661 1452 1828 1528 parentum

910 1548 1004 1613 heres
1027 1554 1107 1611 erat.
1154 1566 1217 1610 non
1239 1555 1332 1611 notus
1355 1546 1426 1612 avis
1448 1547 1655 1631 patrimonia,
1682 1548 1822 1629 fructum,

909 1656 1078 1734 argentum
1100 1656 1269 1732 vestesque
1293 1649 1387 1714 simul
1409 1649 1592 1733 flavumque
1615 1651 1780 1716 metallum

910 1753 1060 1833 abstulit,
1090 1760 1122 1817 et
1144 1751 1242 1816 tantis
1264 1751 1412 1835 implevit
1433 1753 1567 1837 praedia
1589 1752 1685 1818 rebus

909 1856 1083 1921 insaturus.
1130 1854 1257 1938 magnis
1280 1854 1443 1920 cumulata
1465 1861 1514 1919 est
1536 1876 1611 1920 arca
1634 1854 1778 1935 sacellis,

912 1964 1073 2023 ettamen
1096 1957 1192 2022 ardor
1212 1956 1305 2040 inops
1327 1977 1489 2039 nunquam
1513 1958 1648 2023 satiatur
1668 1959 1786 2023 avaris.

912 2060 1069 2144 coniugiis
1091 2060 1220 2126 caluere
1242 2061 1352 2141 novis,
1378 2058 1557 2143 viduasque
1579 2066 1725 2145 potentes

911 2163 1082 2248 accipiunt.
1129 2162 1227 2227 nullis
1249 2162 1339 2246 virgo
1362 2163 1509 2244 quaesita
1530 2163 1664 2228 maritis

911 2266 1056 2349 coniugis
1077 2266 1117 2330 ob
1140 2284 1285 2329 nummos
1308 2263 1450 2329 defuncti
1474 2265 1636 2347 quaeritur
1658 2287 1755 2346 uxor,

916 2368 1104 2453 (virginibus
1125 2368 1185 2433 dos
1207 2367 1455 2453 pervadatur),
1482 2368 1509 2432 si
1531 2374 1674 2452 tempore
1697 2369 1766 2433 diro

911 2471 1003 2537 nulla
1024 2470 1189 2535 maritales
1212 2470 1337 2536 curavit
1359 2470 1493 2535 reddere
1516 2471 1630 2536 luctus.

998 2573 1074 2639 binc
1096 2573 1166 2639 fora
1189 2580 1303 2638 cuncta
1325 2579 1452 2658 patent,
1478 2579 1510 2638 et
1531 2573 1641 2639 tristes
1664 2593 1794 2657 surgere
1817 2575 1891 2640 lites

911 2677 1075 2762 incipiunt.
1124 2676 1228 2742 saevit
1248 2682 1313 2741 toto
1336 2676 1497 2741 discordia
1518 2675 1638 2740 mundo

910 2779 1016 2863 iurgia
1037 2799 1136 2845 saeva
1157 2799 1300 2844 movens.
1348 2779 1453 2863 pietas
1476 2778 1602 2844 omnino
1623 2780 1767 2845 recessit.

911 2882 1066 2949 iustitiam
1089 2882 1198 2947 nullus
1221 2889 1410 2966 compuncta
1431 2888 1538 2947 mente
1561 2889 1702 2948 secutus.

910 2986 987 3052 inde
1009 2993 1059 3051 cst
1080 2986 1167 3068 quod
1188 2985 1315 3050 miseris
1337 2984 1386 3050 ira
1408 2983 1549 3051 dictante
1570 2984 1702 3068 flagella

912 3089 1114 3175 omnipotens
1135 3088 1277 3173 genitor,
1304 3087 1405 3153 dilato
1427 3094 1569 3172 tempore
1592 3089 1697 3170 nullo,

911 3191 1054 3276 addidit,
1080 3198 1114 3258 et
1135 3191 1208 3257 lites
1231 3190 1352 3256 cunctis
1374 3190 1476 3256 iratus
1498 3191 1629 3257 ademit.

912 3295 1007 3379 erigit
1027 3316 1048 3361 a
1069 3294 1186 3361 nornis
1208 3300 1393 3360 nascentem
1415 3293 1533 3359 finibus
1555 3294 1691 3360 hostem.

912 3398 964 3464 hic
986 3397 1094 3463 fratris
1116 3404 1249 3462 mortem
1273 3415 1428 3461 concussa
1450 3403 1556 3462 mente
1579 3396 1720 3464 dolebat.

912 3500 971 3566 sed
993 3501 1094 3565 virtus
1117 3519 1181 3565 non
1204 3499 1271 3564 ulla
1292 3498 1371 3581 fnit,
1397 3519 1462 3582 qua
1484 3518 1616 3583 surgere
1638 3507 1757 3584 posset.

913 3603 989 3668 dum
1010 3611 1119 3669 tamen
1141 3603 1299 3667 occultum
1323 3609 1513 3667 conservant
1533 3610 1662 3686 pectere
1683 3603 1819 3684 bellum,

912 3705 1027 3771 militis
1049 3706 1232 3770 innumeras
1255 3704 1355 3770 latum
1379 3703 1563 3769 miserabile
1586 3704 1687 3770 sensit

914 3807 1103 3873 diminuisse
1126 3826 1249 3873 manus.
1298 3813 1411 3890 gentes
1434 3827 1497 3871 non
1520 3807 1616 3872 laesit
1637 3827 1764 3873 amaras

913 3910 1025 3975 Martis
1048 3909 1152 3975 amica
1173 3911 1255 3975 lues.
1301 3916 1448 3975 metuens
1469 3916 1578 3975 tamen
1600 3909 1657 3975 ille
1681 3912 1832 3993 cavebat,

913 4033 953 4077 ne
977 4013 1064 4077 mala
1085 4011 1260 4097 praedatae
1283 4019 1413 4096 caperet
1435 4013 1584 4094 contagia
1606 4020 1720 4079 terrae.

913 4122 965 4180 ast
987 4114 1042 4181 ubi
1065 4115 1160 4203 pulsa
1182 4115 1269 4195 lues,
1296 4115 1407 4180 Martis
1431 4114 1603 4181 succedere
1626 4116 1732 4182 fervor

913 4218 1034 4302 coepit,
1061 4224 1095 4282 et
1114 4216 1267 4282 infandas
1289 4218 1376 4283 acies
1398 4217 1441 4283 ad
1463 4218 1552 4283 bella
1573 4219 1687 4302 coligit.

913 4320 1001 4385 misit
1023 4318 1065 4385 ad
1088 4327 1248 4386 extremas
1272 4320 1396 4403 Libyae
1420 4320 1557 4386 sitientis
1580 4321 1735 4405 harenas,

913 4424 981 4489 sole
1004 4423 1058 4488 ubi
1080 4424 1229 4489 tellurem
1251 4422 1349 4487 nimio
1373 4423 1550 4489 siccaverat
1571 4424 1646 4489 olim

771 4552 810 4588 ·«.
913 4526 1046 4591 fulmine
1069 4525 1213 4591 deiectus
1235 4526 1418 4603 Phaethom
1445 4527 1644 4611 populosque
1666 4530 1824 4613 malignos

914 4628 1042 4695 edocuit
1063 4629 1243 4712 nostrisque
1266 4629 1412 4714 implevit
1435 4629 1581 4695 cladibus
1604 4651 1669 4696 ora.

912 4733 1041 4815 iamque
1064 4733 1152 4796 serae
1175 4739 1288 4815 gentes
1311 4732 1466 4816 Libycum
1489 4732 1665 4799 funduntur
1686 4735 1719 4800 in
1741 4756 1846 4800 axem.

908 4842 1021 4920 ‚raptor
1043 4835 1160 4918 ubique
1183 4834 1293 4900 furens
1316 4855 1373 4919 per
1395 4843 1520 4901 nostras
1543 4857 1669 4903 currere
1691 4845 1793 4903 terras

914 4946 947 5004 et
967 4945 1094 5003 vastare
1117 4956 1226 5019 casas,
1252 4938 1425 5021 ignemque
1446 4939 1617 5005 immittere
1639 4940 1733 5006 tectis

914 5040 1043 5125 incipit,
1070 5047 1103 5105 et
1124 5039 1261 5105 flammis
1283 5042 1479 5118 succendere
1501 5042 1643 5108 fervidus
1667 5043 1771 5108 nrbes.

597 5403 646 5453 358
665 5410 751 5453 natum
769 5407 797 5454 ln
814 5410 884 5452 ustos
904 5408 916 5451 1
936 5419 970 5453 m.
989 5408 1113 5452 mutatum
1135 5404 1162 5465 Τ,
1183 5410 1271 5452 natum
1290 5403 1369 5453 Mosa.
1485 5403 1535 5453 368
1554 5405 1631 5467 prelia
1652 5405 1678 5457 Τ
1775 5407 1826 5454 aco
1844 5407 1965 5455 comulata
1988 5408 2008 5454 Τ
2110 5425 2150 5458 sa·

526 5491 596 5539 cellls
616 5490 643 5551 Τ,
671 5490 766 5539 lacellis
783 5492 842 5551 lcptt
860 5489 950 5551 Mosa,
975 5488 1011 5549 cs.
1031 5490 1117 5551 Haupt
1138 5490 1227 5550 Opaca.
1247 5490 1290 5535 ΙΙΙ
1309 5490 1359 5536 409
1497 5491 1547 5539 3ῖο
1564 5492 1636 5553 inops
1658 5492 1686 5554 T,
1707 5507 1782 5554 opum
1801 5491 1880 5541 Mass.
2019 5509 2111 5543 anuos
2131 5496 2151 5541 Τ

526 5574 576 5624 3ῖῖ
596 5575 733 5624 maritosT
835 5575 885 5625 373
904 5575 1061 5623 detunctrT
1164 5574 1332 5624 obsecrauit
1351 5575 1381 5635 T,
1401 5576 1499 5623 curabit
1518 5575 1653 5625 Momnucn
1757 5578 1807 5628 376
1825 5580 1876 5627 lora
1895 5577 2037 5641 Mommsen,
2058 5584 2110 5629 sera
2131 5583 2152 5628 Τ

525 5660 576 5711 380
594 5661 697 5723 frogello
718 5661 738 5708 Τ
865 5660 916 5710 382
933 5661 1027 5709 ademit
1048 5661 1075 5719 Τ,
1096 5660 1298 5709 manustram.
1432 5660 1482 5710 383
1501 5665 1581 5723 eriget
1601 5663 1621 5709 Τ
1748 5664 1797 5713 388
1816 5666 1965 5713 diminuisse
1985 5667 2015 5727 Τ,
2036 5679 2085 5714 non
2104 5669 2151 5714 mi-

526 5749 611 5797 nuisse
631 5746 709 5797 Mosa.
841 5745 892 5796 399
910 5746 974 5795 male
991 5745 1067 5794 Bclclr.
1189 5747 1320 5808 praedatae
1337 5749 1431 5808 accipet,
1451 5748 1546 5809 prolate
1569 5747 1589 5794 Τ
1709 5748 1757 5799 393
1777 5752 1812 5799 sol
1834 5751 1854 5798 Τ
1976 5750 2025 5799 396
2044 5752 2152 5799 nostris·

525 5848 575 5899 que
594 5834 680 5894 Helela,
700 5838 847 5895 nostrasque
870 5831 890 5878 Τ
991 5844 1033 5881 οη
1050 5831 1136 5895 Barla,
1157 5845 1212 5879 oras
1233 5831 1253 5878 Τ
1357 5830 1407 5882 399
1425 5846 1512 5881 musas
1532 5832 1553 5880 Τ
