5030 6734
877 574 1105 631 tonsuramus
1124 577 1195 631 LlB.
1216 576 1265 631 lV.
1286 578 1319 631 V.
1345 576 1413 639 er,.

810 768 857 833 sic
878 774 969 852 pater
990 767 1062 853 ipse
1084 786 1162 832 suae
1184 785 1376 850 componens
1399 785 1517 831 cornua
1537 786 1665 850 pugnae

580 886 628 927 ⁵0⁵
723 872 917 956 armipotens
939 871 1064 938 medius
1087 870 1246 955 componit
1267 868 1362 952 signa
1382 869 1558 947 Iohannes,

724 974 835 1040 ordine
858 982 972 1041 cuncta
993 993 1109 1059 regens
1131 992 1339 1057 sequensque
1360 992 1418 1057 per
1439 971 1571 1055 agmina
1591 978 1722 1037 turmas.

624 1077 691 1203 ql,
717 1076 1120 1244 „it-benoffioquoumediuffi
1145 1076 1221 1142 totis
1244 1081 1403 1161 pugnaret
1425 1082 1460 1140 ut
1481 1074 1594 1155 annis,

723 1181 757 1245 in
779 1176 864 1244 m'ani
889 1199 988 1264 usque
1011 1179 1078 1245 suis
1101 1178 1191 1246 tortis
1213 1178 1349 1245 dictator
1371 1185 1406 1244 ut
1427 1180 1514 1244 esset

723 1303 813 1348 arma
834 1301 965 1348 movens
987 1281 1109 1368 populi.
1155 1281 1257 1347 veluti
1278 1282 1451 1366 vigilanter
1472 1281 1620 1347 oberrant

580 1402 627 1443 ⁵⁷⁰
723 1393 818 1452 cauta
837 1386 1026 1452 reluctantis
1048 1386 1155 1452 media
1175 1385 1259 1461 inter
1281 1405 1399 1451 cornua
1418 1385 1502 1452 tauri

723 1491 859 1569 lumina,
884 1490 1121 1574 bellantemque
1144 1496 1258 1575 parant
1280 1509 1343 1573 qua
1364 1490 1511 1555 vulneret
1531 1489 1654 1555 hostem

723 1603 813 1679 parte
835 1614 1000 1679 premens,
1027 1595 1200 1677 dextroque
1223 1600 1306 1659 rotat
1326 1593 1482 1676 laevoque
1504 1592 1659 1673 minatur,

723 1697 857 1762 vulnera
878 1696 1107 1780 congeminans
1128 1696 1251 1762 variato
1272 1696 1406 1762 verbere
1427 1715 1540 1776 cornu,

723 1820 850 1883 quaque
871 1800 982 1866 iubent
1003 1800 1104 1882 oculi,
1131 1799 1293 1883 configunt
1314 1820 1432 1865 cornua
1454 1800 1587 1864 uulnus:

723 1904 769 1970 sie
791 1903 878 1969 acies
900 1903 1027 1985 ductor,
1053 1903 1219 1988 perpensis
1241 1902 1386 1987 partibus
1408 1902 1539 1985 aequis,

722 2006 810 2072 bella
832 2006 939 2072 subire
959 2006 1058 2072 iubet.
1106 2006 1152 2071 sie
1175 2005 1387 2090 disponuntur
1407 2012 1441 2070 et
1462 2013 1530 2072 arte

722 2130 845 2193 organa
866 2110 990 2194 plectra
1010 2109 1101 2193 lyrae
1125 2107 1236 2192 digitis
1259 2107 1419 2193 pulsanda
1440 2109 1594 2193 magistri.

722 2233 817 2297 quam
839 2220 947 2279 movet
967 2213 1042 2293 ille,
1068 2218 1161 2278 sonat
1183 2218 1328 2277 contactu
1350 2211 1458 2277 fistula
1479 2212 1578 2278 venti.

721 2337 783 2382 non
807 2315 961 2396 chordae,
987 2336 1050 2381 non
1072 2336 1149 2381 aera
1171 2323 1318 2398 gemunt,
1344 2316 1377 2380 ni
1399 2323 1512 2400 sponte
1534 2318 1676 2401 regentis

721 2420 862 2486 cannina
884 2419 1045 2504 percussis
1067 2425 1216 2484 resonent
1238 2437 1393 2503 expressa
1414 2419 1538 2486 cicutis.

720 2544 783 2589 nen
805 2524 900 2589 aliter
919 2523 1008 2588 iussu
1032 2521 1171 2588 ductoris
1194 2529 1308 2589 cuncta
1330 2530 1473 2589 movetur

721 2626 868 2693 diseretis
890 2626 977 2719 acies
1000 2644 1190 2692 concurrens
1212 2625 1324 2692 ordine
1347 2626 1486 2713 signis„
1561 2654 1566 2659 ·

805 2730 933 2796 iunctus
955 2737 1026 2796 erat
1048 2730 1141 2796 lateri
1163 2729 1259 2795 claris
1280 2729 1469 2796 Recinarius
1490 2732 1587 2797 armis

721 2834 850 2919 fulgens
873 2840 905 2899 et
927 2833 1059 2919 paribus
1082 2833 1257 2919 disponens
1279 2832 1410 2917 agmina
1432 2835 1534 2915 curis,

720 2938 791 3023 ipse
813 2937 920 3003 animo
942 2944 1067 3003 matura
1087 2955 1223 3021 gerens,
1248 2937 1407 3021 gravitate
1429 2937 1609 3018 modestus,

721 3040 963 3125 magnanimus,
988 3040 1092 3123 mitis,
1118 3040 1264 3126 sapiens,
1291 3040 1499 3121 fortissimus,
1525 3041 1652 3127 insons,

721 3145 931 3230 armipotens,
957 3144 1036 3210 belli
1058 3143 1193 3210 domitor
1214 3144 1367 3229 pacisque
1389 3145 1549 3226 minister,

721 3249 816 3315 corde
838 3247 988 3330 humilis,
1014 3247 1100 3331 quod
1122 3246 1269 3314 Christus
1290 3253 1395 3331 amat,
1420 3246 1540 3333 pietate
1561 3250 1739 3335 benignus,

722 3358 755 3417 ct
775 3350 830 3435 qui
852 3350 971 3435 dignus
994 3361 1064 3416 erat
1084 3350 1142 3417 tali
1164 3371 1335 3436 properare
1358 3351 1525 3436 magistro.

722 3475 854 3541 corpere
876 3475 951 3520 nam
972 3455 1118 3539 geminos
1140 3454 1248 3520 anima
1269 3455 1402 3520 iunxere
1424 3456 1485 3522 suh
1507 3476 1572 3522 una

721 3580 784 3625 non
805 3565 920 3624 natura
940 3577 1075 3644 parens,
1101 3558 1217 3624 summi
1240 3557 1299 3624 ssd
1322 3558 1416 3642 signa
1437 3558 1574 3641 favoris,

722 3669 829 3728 castus
851 3683 955 3743 amor,
981 3661 1103 3747 pietas,
1129 3661 1272 3744 bonitas,
1300 3661 1477 3747 sapientia,
1503 3663 1614 3730 virtus.

721 3784 800 3847 ergo
821 3764 906 3829 inter
927 3764 1052 3830 medias
1075 3764 1162 3830 acics
1184 3765 1369 3849 praeclarus
1391 3771 1424 3831 et
1444 3766 1542 3832 armis

720 3868 789 3934 ibat
810 3888 911 3952 equo,
937 3876 970 3934 et
991 3867 1119 3953 placido
1142 3867 1245 3934 socios
1268 3887 1414 3935 sermone
1436 3871 1595 3937 movebat.

806 3972 877 4057 ipso
898 3971 1055 4057 dispositu
1078 3971 1187 4038 felicia
1209 3971 1303 4056 signa
1324 3979 1489 4057 regentem

721 4075 833 4141 fortem
856 4075 971 4141 mirata
992 4082 1042 4141 est
1062 4075 1149 4141 acies
1170 4075 1301 4141 inimica
1322 4076 1508 4143 Iohannem.

721 4180 877 4245 hellurum
899 4185 934 4244 at
953 4177 1103 4264 princeps
1124 4186 1277 4245 nocturno
1299 4185 1441 4264 tempore
1463 4181 1576 4265 lema,

722 4281 878 4347 sollicitus
901 4282 1002 4363 euris,
1027 4302 1135 4347 muros
1157 4303 1214 4367 per
1237 4288 1342 4347 castra
1364 4282 1498 4349 camelis

721 4384 891 4465 construit,
917 4391 1029 4451 octeno
1051 4384 1252 4450 circumdans
1275 4384 1386 4450 ordine
1409 4406 1567 4472 campum.

721 4487 796 4553 inde
818 4488 918 4553 boves
939 4487 1061 4571 iungit,
1087 4488 1139 4553 his
1160 4494 1250 4554 terno
1273 4508 1390 4553 cornua
1412 4508 1492 4573 gyro

721 4590 869 4656 cornibus
891 4597 961 4656 arte
983 4591 1107 4675 ligans,
1134 4598 1167 4657 et
1188 4588 1287 4656 multo
1310 4590 1447 4657 callidus
1469 4600 1541 4659 astu

720 4693 893 4779 implicitas
916 4714 1021 4759 errore
1043 4699 1136 4779 parat
1158 4714 1215 4779 per
1237 4692 1332 4760 devia
1354 4694 1502 4778 haudes,

721 4804 815 4863 notus
838 4802 872 4862 ut
893 4796 970 4863 inde
992 4797 1105 4862 volans
1128 4805 1234 4863 currat
1254 4818 1312 4882 per
1333 4799 1456 4883 proelia
1477 4800 1623 4881 Maurus,

721 4901 933 4985 ignarumque
954 4907 1078 4986 premat
1099 4901 1268 4967 subeuntis
1290 4908 1397 4968 eastra
1418 4923 1476 4988 per
1497 4903 1585 4989 ipsas

722 5004 859 5070 insidiae
882 5003 1001 5070 formas
1023 5004 1143 5070 infensi
1165 5004 1277 5071 militis
1300 5026 1428 5089 agmen.

722 5127 785 5174 non
808 5107 1035 5192 labyrintheis
1057 5108 1177 5174 Minoia
1199 5128 1274 5174 eura
1296 5108 1429 5175 latebris

721 5210 856 5277 flexerat
876 5211 1035 5297 ancipites
1056 5211 1155 5278 tantis
1177 5210 1375 5278 anfractibus
1397 5214 1507 5295 orbes,

722 5314 922 5399 distorquens
944 5335 1050 5381 errore
1072 5314 1159 5398 vias,
1186 5335 1267 5399 quas
1289 5315 1428 5382 callidus
1450 5325 1518 5383 arte

406 5487 455 5537 567
475 5490 494 5536 it
505 5490 569 5537 bene
581 5503 646 5553 equo
657 5492 752 5555 scripsi,
772 5496 798 5537 st
809 5490 872 5537 bene
884 5489 944 5557 qnid
960 5490 989 5549 Τ,
1009 5497 1036 5538 ot
1047 5492 1111 5539 buna
1123 5491 1180 5552 quta
1193 5490 1272 5540 Mara.
1379 5490 1428 5540 566
1446 5493 1499 5540 suls
1517 5494 1589 5542 tortls
1602 5493 1692 5557 Musa,
1712 5498 1750 5544 sul
1770 5499 1842 5546 tortis
1857 5500 1885 5559 T,
1906 5502 1959 5550 auis

336 5574 565 5637 omolsrcqutrttor
669 5574 719 5624 574
737 5576 874 5638 quoqueT
969 5577 1150 5638 continguntT
1248 5576 1297 5625 578
1315 5578 1486 5637 ιιοιιιὶΒιΙιΙι.,
1501 5580 1615 5627 nantol’
1711 5580 1759 5630 563
1778 5584 1851 5632 elaris
1866 5585 1894 5644 Τ,
1908 5586 1958 5634 ela·

337 5661 447 5720 rusuptt
461 5659 538 5708 Musa.
610 5662 777 5710 delusrlusl'
859 5658 909 5711 589
923 5661 1121 5724 proplsroMuu.
1195 5662 1240 5712 597
1257 5668 1345 5711 natura
1358 5662 1447 5725 Musa,
1461 5665 1578 5712 ιιοιιιιΤ
1648 5666 1697 5715 595
1710 5667 1832 5730 dispositu
1846 5671 1958 5734 Lnehm„

336 5744 457 5808 dispositu
479 5746 500 5794 Τ
601 5746 652 5797 596
670 5748 759 5796 ionem
777 5748 864 5797 mlratu
882 5748 969 5807 scau,
994 5750 1083 5797 fortem
1102 5754 1224 5797 maturata
1246 5749 1273 5809 Τ,
1300 5751 1403 5798 forsitan
1421 5751 1515 5799 intuitu
1534 5750 1610 5800 Matr.
1718 5753 1767 5802 597
1787 5755 1905 5804 hellurum
1929 5756 1957 5821 Τ,

336 5830 477 5881 Maurorum
492 5831 570 5883 Musa.
659 5832 707 5883 601
728 5834 858 5884 edidosT
944 5832 995 5883 603
1014 5840 1043 5884 ut
1054 5834 1141 5893 Retia,
1162 5834 1226 5883 etl'
1310 5834 1488 5895 currstBekt„
1509 5837 1621 5884 corriti·
1707 5838 1756 5888 ool
1776 5844 1867 5902 premit
1882 5842 1958 5892 Muta.

336 5916 387 5968 606
404 5918 567 5969 laberinthets
587 5918 609 5968 Τ

1717 6009 1756 6061 71
