5030 6734
1253 551 1399 607 CORIPPI

901 740 1062 804 Carcasso
1084 738 1200 804 vicisse
1223 746 1335 823 putat?
1357 758 1452 820 quem
1474 745 1617 822 tempore
1640 746 1726 803 certo

901 840 1039 907 subiciet
1060 847 1134 925 post
1154 841 1243 906 bella
1264 840 1363 924 dcns,
1389 841 1594 923 vinctumque
1616 841 1740 907 videbit

900 943 994 1028 plebs
1017 944 1161 1008 Romana
1182 943 1251 1007 suis
1272 944 1531 1028 captivatumquc
1554 943 1613 1008 sub
1636 943 1743 1009 armis.

901 1051 976 1110 ante
996 1044 1108 1109 tubam
1130 1065 1287 1126 memora,
1313 1046 1385 1129 quis
1406 1051 1546 1110 mentem
1567 1051 1668 1110 terror
1688 1044 1799 1128 adegit

900 1147 1037 1214 insidias
1059 1152 1245 1229 vestrosque
1268 1146 1359 1213 dolos
1380 1146 1574 1230 fraudesque
1595 1150 1765 1213 tuorum’t

987 1255 1062 1314 tuno
1083 1249 1248 1314 Nasamon
1270 1249 1421 1334 pinnatus
1443 1249 1500 1314 ait.
1550 1250 1618 1314 ‘me
1640 1256 1755 1314 cuncta
1777 1248 1872 1315 fateri

901 1352 1001 1418 iussio
1025 1351 1106 1417 dura
1127 1352 1254 1436 premit.
1301 1358 1433 1417 mortem
1455 1351 1531 1417 licet
1552 1351 1624 1435 ipss
1646 1352 1806 1416 minentur

901 1454 1000 1519 verba
1022 1453 1102 1518 milri
1123 1453 1288 1536 meritam,
1313 1474 1449 1521 narrans
1471 1460 1579 1519 tamen
1601 1453 1709 1519 omnia
1731 1453 1847 1518 dicam.

902 1558 1063 1622 Caucason
1084 1555 1200 1621 nostris
1223 1556 1289 1621 dux
1311 1565 1361 1623 est
1382 1555 1574 1622 fortissimus
1597 1555 1707 1621 annis.

902 1658 997 1724 huius
1019 1658 1052 1722 in
1074 1658 1217 1742 auspicio
1238 1658 1338 1724 nostri
1361 1678 1437 1743 spes
1459 1657 1600 1723 maxima
1620 1657 1712 1740 regni
1734 1664 1800 1739 est,

902 1766 935 1826 et
956 1760 1128 1825 manifesta
1150 1767 1268 1825 manet.
1315 1761 1431 1827 occinit
1452 1760 1499 1826 sic
1520 1760 1671 1843 gentibus
1692 1760 1828 1825 Ammon

902 1863 1071 1942 fatidicus,
1096 1863 1214 1928 nostris
1238 1862 1362 1928 donans
1384 1883 1442 1946 per
1463 1862 1587 1947 proelis
1609 1862 1730 1927 Mauris

902 1965 1035 2049 Byzaoii
1056 1983 1202 2049 campos,
1229 1965 1392 2030 Carcasan
1412 1965 1459 2030 ire
1482 1965 1655 2050 superbum

902 2089 959 2154 per
980 2066 1118 2152 Libycos
1141 2067 1276 2153 populos
1298 2073 1330 2132 et
1352 2087 1466 2150 pacem
1489 2066 1624 2133 reddere
1647 2068 1776 2132 mundo.

903 2170 1068 2235 Ammonis
1089 2168 1141 2234 his
1163 2169 1257 2235 dictis
1279 2176 1393 2252 gentes
1415 2170 1551 2235 Bellona
1572 2169 1680 2253 oodgit

902 2273 1086 2337 innumeras
1108 2278 1231 2338 vestros
1253 2272 1368 2337 iterum
1391 2292 1534 2337 remeare
1556 2292 1614 2357 per
1634 2291 1747 2354 agros,

902 2375 973 2456 ipse
995 2374 1125 2457 quidem
1147 2373 1259 2440 ductor
1280 2382 1385 2440 tecum
1408 2374 1604 2440 committere
1626 2393 1769 2457 pugnam

902 2477 968 2541 iam
990 2476 1101 2542 voluit.
1147 2483 1276 2542 vertens
1298 2477 1421 2541 animos
1443 2476 1622 2541 Gucnfcius
1645 2476 1747 2541 hostis

904 2579 1028 2644 distulit
1049 2599 1138 2643 arma
1159 2578 1220 2643 viri
1242 2585 1445 2661 mentemque
1467 2599 1488 2643 a
1509 2579 1611 2643 Marte
1633 2577 1776 2662 reflexit,

904 2681 1036 2745 consilio
1059 2681 1115 2746 sed
1138 2680 1234 2746 valde
1256 2681 1360 2763 gravi.
1407 2688 1442 2746 tu
1464 2681 1583 2765 quippe
1605 2680 1740 2763 fugaces

903 2801 983 2865 quos
1004 2783 1139 2867 populos
1161 2803 1246 2848 nuno
1266 2803 1355 2866 rcre,
1379 2783 1486 2866 magis
1507 2803 1571 2847 non
1593 2789 1695 2848 terror
1716 2783 1852 2849 acerbus

904 2884 963 2949 hos
985 2884 1089 2968 agitat
1110 2884 1251 2951 victcsve
1273 2892 1402 2970 pavent.
1449 2892 1485 2950 ut
1506 2891 1614 2950 vestra
1636 2884 1750 2969 fatiget

904 2994 1010 3052 eastre
1031 2987 1151 3070 fames,
1176 2987 1297 3053 finxere
1320 2987 1447 3071 fugam,
1473 2986 1630 3069 vobisque
1652 2987 1779 3053 labores

903 3095 972 3154 erte
994 3095 1117 3173 parant.
1165 3096 1279 3172 gentes
1300 3095 1428 3154 nostras
1450 3109 1490 3154 ne
1513 3088 1607 3154 crede
1631 3088 1782 3171 fugaces,

904 3191 933 3256 si
955 3191 1065 3256 veniat
1085 3191 1236 3276 princeps
1256 3198 1420 3273 totumque
1442 3191 1612 3257 exhauriat
1632 3191 1740 3257 orbem

904 3312 1012 3358 secum
1035 3293 1078 3358 ad
1099 3294 1186 3359 bella
1207 3312 1349 3359 movens.
1396 3314 1457 3359 nec
1479 3292 1694 3359 Maximianus
1715 3301 1844 3378 apertas

903 3396 955 3461 bis
977 3396 1079 3480 potuit
1100 3392 1244 3463 conferre
1266 3415 1399 3478 manus,
1426 3414 1498 3461 cum
1521 3402 1648 3479 sceptra
1669 3401 1793 3462 teneret

904 3499 1041 3564 Romani
1062 3499 1210 3583 princeps
1232 3499 1359 3583 populi,
1385 3497 1548 3581 victorque
1569 3518 1628 3583 per
1649 3517 1759 3564 omnes

903 3601 1081 3666 Poenorum
1104 3607 1217 3684 gentes
1239 3600 1335 3666 bellis
1357 3600 1508 3666 transiret
1528 3600 1664 3666 acerbis.

904 3709 939 3769 ut
959 3702 1072 3785 modo,
1099 3723 1171 3768 cum
1194 3703 1292 3769 donet
1312 3703 1475 3787 responsis
1498 3702 1613 3769 certior
1633 3703 1769 3768 Ammon

903 3824 1059 3890 prospera
1079 3805 1169 3870 bella
1190 3805 1275 3888 suis,
1302 3807 1492 3890 Laguantan
1514 3805 1629 3872 cedere
1651 3806 1753 3890 signis

904 3915 960 3974 aut
982 3908 1106 3991 fugisse
1128 3914 1244 3992 putas?
1265 3908 1368 3974 velles
1389 3908 1467 3991 hoc,
1493 3908 1604 3975 ductor
1625 3909 1752 3974 acerbe.

904 4010 1047 4076 sednon
1069 4008 1116 4075 sio
1137 4015 1194 4075 tua
1215 4009 1283 4075 fata
1305 4010 1438 4076 volent'.
1483 4016 1560 4076 tuno
1581 4011 1680 4075 verba
1701 4009 1836 4077 furentis

903 4112 1075 4195 indignans
1098 4112 1223 4177 saevire
1246 4112 1318 4195 diu,
1345 4113 1392 4177 sic
1413 4132 1469 4179 ora
1489 4112 1633 4179 resolvit.

908 4218 960 4281 ‘ut
981 4216 1086 4298 magis
1106 4215 1166 4280 hos
1188 4221 1312 4281 nostros
1333 4216 1472 4281 teneatis
1494 4215 1611 4282 certius
1633 4218 1755 4299 agros‘.

904 4317 952 4383 sic
973 4318 1019 4383 ait
1041 4325 1073 4383 et
1094 4318 1235 4401 quinque
1257 4317 1373 4383 erectis
1394 4318 1486 4383 iubet
1507 4318 1617 4384 ordine
1639 4317 1738 4403 lignis

904 4421 1012 4505 stipite
1035 4420 1190 4505 suspendi
1212 4420 1401 4485 morientum
1423 4420 1507 4486 colla
1527 4420 1661 4486 bicorni.

901 4523 993 4587 iussu
1015 4523 1183 4608 praecipiti
1204 4523 1328 4589 celeres
1351 4522 1457 4588 secere
1478 4522 1624 4588 ministri.

518 4697 928 4708 ——————-—--

589 4799 638 4848 506
656 4798 801 4848 subsultet
896 4798 944 4847 507
965 4797 1188 4858 estlustnmqusl'
1284 4796 1334 4846 509
1352 4803 1450 4846 tuorum
1465 4798 1495 4858 T,
1510 4800 1576 4847 tucri
1589 4797 1929 4860 Muss.,nousrersqrsirltrss
2024 4798 2073 4846 510
2092 4798 2141 4845 Ns·

517 4899 602 4934 samon
623 4885 712 4945 lton„
732 4884 847 4933 ssdsrmn
868 4884 889 4930 Τ
992 4882 1039 4931 511
1060 4885 1130 4932 luxlo
1150 4883 1171 4930 Τ
1272 4884 1327 4945 ipse
1348 4883 1369 4930 Τ
1472 4883 1518 4932 521
1540 4886 1595 4946 ipsc
1613 4885 1716 4946 quidem
1734 4887 1828 4945 scripsi,
1848 4885 1903 4946 lpse
1921 4884 1965 4946 qul
1986 4884 2016 4943 Τ,
2037 4885 2141 4946 ipseque

518 4971 561 5032 qul
575 4969 653 5019 Mass.
760 4967 809 5018 521
827 4976 856 5018 tn
871 4969 901 5030 T,
921 4977 975 5016 tum
989 4968 1066 5018 Mass.
1174 4968 1223 5018 525
1242 4972 1414 5030 nuncscstpss,
1435 4969 1520 5018 nonT
1624 4983 1678 5018 rere
1693 4970 1722 5027 T,
1743 4970 1792 5017 irre
1809 4972 1875 5029 lepti,
1898 4970 1934 5016 irs
1951 4971 2048 5029 scripsit
2061 4969 2137 5017 Mass.

518 5055 568 5105 526
586 5058 702 5105 uictosne
723 5056 752 5115 Τ,
777 5059 906 5117 uictosque
924 5056 981 5115 lepit
999 5053 1076 5103 Mass.
1218 5053 1269 5104 529
1286 5055 1375 5103 uenlst
1391 5055 1479 5113 Betis„
1504 5055 1631 5103 uenletl'
1770 5053 1819 5103 535
1837 5055 1916 5114 signls
1935 5052 2023 5113 Musa,
2045 5055 2100 5103 suis
2120 5054 2141 5099 Τ

518 5139 568 5189 530
587 5141 665 5189 unllss
686 5141 707 5188 T
809 5142 896 5190 uuerbe
915 5140 1058 5202 ldmuasssa,
1078 5141 1161 5189 sedne
1181 5140 1202 5187 Τ
1317 5138 1453 5189 sss-540
1471 5155 1570 5189 versum
1587 5155 1666 5189 annm
1683 5140 1831 5189 intercidisse
1848 5141 1989 5200 suspicatus
2008 5139 2142 5186 Mommsen

519 5225 565 5275 541
588 5226 767 5289 subspendiT
869 5226 1019 5274 morientum
1040 5226 1071 5288 Τ,
1089 5227 1208 5274 morlstnr
1225 5228 1293 5286 lepte,
1314 5226 1453 5274 Maurorum
1472 5229 1569 5287 scripsit
1589 5224 1667 5273 Mosa.
1775 5225 1823 5275 542
1842 5225 1957 5273 lusslti'

1172 5499 1481 5509 —-———
