5042 6726
1255 528 1483 585 PROOEMIVM.

704 748 772 826 τοός
794 745 918 837 ἥκουσι,
952 748 1005 835 την
1029 750 1062 816 δέ
1084 747 1205 837 εἰρηνην
1230 745 1319 822 ἀξιῶν
1343 754 1374 816 ἐν
1398 751 1482 837 σφίσι
1504 748 1727 838 κρατύνασθαι,
1761 746 1867 837 όρκους
1898 776 1929 816 τε
1952 748 2095 836 ὀμεῖσθαι
2116 747 2185 825 τούς

706 868 893 943 δεινοτάτους
916 867 1079 957 ὑπέσχετο,
1112 860 1132 954 ἦ
1164 866 1221 954 μὴν
1253 861 1410 954 ἀμνηστία
1431 875 1489 934 τῶν
1517 873 1734 958 πεπραγμένων
1764 872 1796 943 ἐς
1823 867 1934 943 αύτούς
1957 867 2181 957 χρήσασθαιί).
2225 878 2228 887 ’

704 988 900 1078 χλευάζοντες
923 990 956 1055 δὲ
979 986 1016 1053 τά
1040 990 1185 1075 εἰρημένα
1208 991 1236 1052 οἱ
1262 984 1411 1075 βάρβαροι
1433 985 1551 1063 πάντως
1575 987 1663 1056 αὐτόν
1687 987 1830 1074 ὀμεῖσθαι
1850 974 1888 1055 τά
1911 988 2101 1076 Χριστιανῶν
2129 985 2183 1054 λό-

705 1135 757 1197 για
779 1110 907 1197 ἔφασαν,
936 1103 1011 1195 άπερ
1034 1110 1137 1174 καλεῖν
1159 1103 1323 1194 εύαγγέλια
1346 1108 1545 1192 νενομίκασιν.
1586 1106 1694 1175 ούκοῦν
1716 1106 1821 1194 ἐπειδὴ
1846 1109 1969 1195 Σέργιος
1991 1116 2085 1175 ταῦτα
2107 1105 2183 1192 όμό-

706 1256 761 1302 σας
783 1228 849 1295 εἶτα
871 1226 940 1302 τοῦς
961 1225 1176 1300 πιστεύσαντας
1199 1226 1328 1309 ἔκτεινε,
1363 1228 1555 1313 βουλομένοις
1585 1228 1684 1315 σφίσιν
1716 1224 1816 1302 αότοῖς
1846 1226 1893 1313 εἴη
1925 1232 1957 1302 ἐς
1980 1225 2082 1316 μάχην
2107 1231 2184 1292 ἰοῦσι

704 1346 816 1417 τούτων
840 1346 876 1434 δη
899 1354 958 1413 τῶν
982 1349 1091 1433 λογίων
1116 1343 1431 1457 ἀποπειράσασθαιῦ),
1465 1343 1570 1412 δποίαν
1601 1344 1667 1412 τινὰ
1692 1345 1765 1432 πρὸς
1787 1345 1855 1420 τοῦς
1878 1344 2036 1434 ἐπιόρκους
2059 1343 2183 1429 δύναμιν

704 1471 837 1558 ἔχουσιν,
863 1462 944 1540 όπως
968 1464 1067 1540 αὐτοῖς
1091 1463 1272 1553 βεβαιότατα
1293 1462 1504 1539 πιστεύσαντες
1526 1460 1604 1531 οὕτω
1620 1464 1658 1551 δὴ
1674 1464 1722 1532 ἐπί
1735 1463 1788 1540 τάς
1804 1463 1951 1551 ξυνθηκας
1966 1467 2180 1532 καθιστῶνται.

704 1595 800 1656 ταῦτα
823 1589 963 1673 Σολομῶν
987 1582 1119 1658 οἰκούσας
1142 1585 1179 1651 τὰ
1202 1588 1233 1658 ἐς
1255 1582 1308 1671 τὴν
1333 1582 1482 1672 ξυμβολὴν
1505 1582 1672 1672 ἐξηρτύετο.

791 1712 828 1794 τῇ
856 1707 888 1772 δέ
918 1703 1060 1793 ὑστεραία
1091 1707 1181 1794 μοίρᾳ
1209 1705 1266 1770 τινί
1287 1711 1347 1770 τῶν
1370 1705 1521 1789 πολεμίων
1545 1705 1628 1770 λείαν
1651 1700 1697 1771 ότι
1719 1707 1859 1791 πλείστην
1882 1701 1997 1791 ἀγούση
2021 1700 2182 1790 ίυμβαλῶν

608 1902 611 1907 ,
704 1829 756 1894 καί
786 1824 869 1912 μάχη
901 1822 1025 1911 νικήσας
1056 1820 1178 1911 ἀφελών
1201 1849 1233 1890 τε
1255 1822 1308 1910 τὴν
1332 1825 1415 1890 λείαν
1439 1821 1591 1911 ἐφύλασσε
1613 1829 1724 1890 πᾶσαν.
1772 1828 2029 1911 δυσανασχετοῦσι
2059 1823 2092 1888 δέ
2121 1826 2183 1895 τοῖς

704 1945 899 2033 στρατιώταις
922 1943 973 2009 καὶ
996 1941 1079 2010 δεινὰ
1101 1945 1307 2029 ποιουμένοις,
1340 1939 1386 2009 ότι
1417 1940 1454 2029 δὴ
1484 1941 1585 2017 αῦτοῖς
1615 1941 1670 2009 οῦκ
1700 1944 1801 2009 ἐδίδου
1822 1940 1860 2009 τά
1883 1939 2016 2030 λάφυρα,
2051 1942 2182 2028 ἔφασκεν

704 2067 862 2152 ἀναμένειν
886 2062 918 2131 τό
940 2068 993 2129 τοῦ
1015 2066 1150 2148 πολέμου
1171 2065 1282 2150 πέρας,
1308 2057 1389 2137 όπως
1412 2061 1449 2147 δὴ
1475 2057 1592 2128 ἅπαντα
1614 2070 1778 2148 τηνικαῦτα
1800 2064 2018 2148 διανέμωνται,
2044 2057 2183 2147 καθάπερ

705 2182 740 2254 ἀν
763 2188 795 2260 ἐς
816 2182 870 2270 την
894 2181 977 2256 ἀξίαν
1000 2180 1163 2270 ἐπιβάλλον
1186 2185 1304 2269 ἑκαστῷ
1327 2184 1482 2268 φαίνηται.
1530 2184 1594 2249 ἐπεί
1624 2182 1658 2247 δὲ
1688 2176 1775 2255 αὗθις
1802 2184 1831 2247 οί
1862 2179 2013 2269 βάρβαροι
2038 2178 2181 2267 πάσητῄ

704 2310 828 2394 στρατιᾷ
851 2306 882 2376 ἐς
905 2298 1053 2388 ξυμβολὴν
1076 2296 1225 2388 ὥρμηντο,
1252 2303 1385 2368 ἐνταῦθα
1401 2299 1569 2386 Ῥωμαίων
1593 2304 1625 2367 τέ
1648 2327 1724 2375 τινες
1748 2294 1925 2367 ἀπελίποντο
1935 2305 1955 2384 θ)
1985 2299 2035 2367 καί
2050 2303 2078 2365 υί
2095 2293 2184 2366 ἀλλοι

704 2424 739 2493 ού
763 2423 810 2498 ξῦν
832 2423 988 2510 προθυμίᾳ
1010 2423 1041 2494 ἐς
1064 2416 1117 2505 την
1140 2418 1305 2508 παράταξιν
1327 2413 1432 2507 ᾔεσαν.
1480 2421 1563 2505 καίί)
1595 2425 1700 2508 πρῶτα
1727 2421 1810 2506 μένθ)
1847 2417 2028 2508 ἀγχώμαλος
2051 2417 2183 2507 ἐγεγόνει

704 2545 723 2633 ἡ
748 2541 847 2631 μάχη,
884 2537 1005 2627 ύστερον
1036 2540 1068 2604 δὲ
1097 2537 1209 2627 πλήθει
1230 2544 1335 2627 πολλῷ
1358 2537 1625 2628 ὑπερβαλλομένων
1648 2546 1707 2604 τῶν
1732 2539 1954 2626 Μαυρουσίων,
1982 2538 2147 2625 Ῥωμαίων
2157 2543 2178 2620 θ)

705 2666 758 2751 μέν
782 2666 810 2729 οἱ
831 2661 938 2727 πολλοὶ
959 2660 1104 2747 ἔφευγον,
1138 2661 1279 2745 Σολομῶν
1311 2661 1343 2725 δέ
1373 2661 1424 2726 καί
1451 2658 1529 2747 ἀμφ’
1558 2656 1647 2726 αότόν
1671 2685 1747 2733 τινες
1769 2655 1878 2747 χρόνον
1902 2662 1955 2744 μέν
1978 2684 2045 2724 τινα
2068 2654 2181 2745 βαλλό-

706 2810 789 2872 μενοι
812 2781 967 2869 ἀντεῖχον,
999 2774 1120 2866 θ’στερον
1152 2780 1185 2845 δέ
1216 2778 1478 2867 ῦπερβιαζομένων
1508 2785 1566 2844 τῶν
1596 2780 1747 2864 πολεμίων
1778 2781 1894 2865 σπουδῄ
1917 2780 2064 2865 ἔφευγον,
2097 2778 2128 2850 ἔς
2151 2803 2183 2843 τε

705 2905 814 2993 ρόακος
844 2902 943 2987 ἐκείνη
974 2901 1092 2985 ρέοντος
1121 2894 1277 2985 χαράδραν
1309 2897 1461 2989 ἀφίκοντο.
1509 2900 1585 2964 ἔνθα
1614 2894 1650 2982 δί,
1674 2894 1857 2971 όκλάσαντος
1881 2901 1909 2962 οἱ
1931 2905 1984 2963 τοῦ
2006 2898 2098 2964 ἵππου
2122 2897 2182 2961 Σο-

706 3030 806 3109 λομῶν
830 3021 962 3088 ἐκπίπτει
984 3023 1014 3093 ἐς
1038 3019 1167 3106 ἔδαφος,
1201 3019 1252 3083 καί
1276 3017 1364 3083 αὐτόν
1388 3015 1465 3084 κατά
1487 3015 1578 3104 τάχος
1600 3018 1750 3105 χερσὶνίθ)
1786 3020 1814 3083 οἱ
1844 3015 2005 3105 δορυφόροι
2035 3013 2183 3103 ἀράμενοι

707 3143 755 3213 ἐπί
777 3147 829 3208 τοῦ
850 3140 943 3206 ἵππου
965 3139 1133 3212 καθίζουσι.
1180 3135 1363 3225 περιώδυνον
1387 3139 1420 3202 δέ
1442 3135 1586 3223 γεγονότα
1609 3137 1660 3202 καί
1684 3132 1874 3219 ἀδύνατονίί)
1906 3137 1951 3202 ἔτι
1979 3140 2032 3202 τοῦ
2055 3139 2182 3222 χαλινοῦ

706 3265 835 3351 ἔχεσθαι
860 3257 1082 3347 καταλαβόντες
1112 3258 1140 3323 οἱ
1173 3254 1322 3345 βάρβαροι
1351 3254 1439 3323 αότόν
1462 3280 1494 3323 τε
1516 3256 1663 3322 κτείνουσι
1684 3256 1736 3323 καί
1758 3260 1817 3322 τῶν
1841 3252 2016 3344 δορυφόρων
2037 3252 2177 3329 πολλούς.

707 3379 783 3470 αῦτη
805 3409 838 3448 τε
859 3387 913 3447 τοῦ
937 3381 1003 3467 βίου
1025 3376 1147 3463 τελευτὴ
1171 3378 1328 3462 Σολομῶνι
1348 3379 1475 3464 ἐγένετο.

551 3534 583 3598 p.
610 3513 672 3575 506
793 3506 845 3568 22.
877 3496 1109 3584 τελευτησαντος
1132 3496 1165 3563 δὲ
1188 3498 1383 3582 Σολομῶνος,
1416 3497 1540 3583 Σέργιος
1568 3494 1674 3577 αὐτοῦ,
1707 3488 1807 3582 ὥσπερ
1835 3494 1967 3581 εἴρηται,
2002 3492 2182 3582 ἀδελφιδοῦς

706 3620 757 3705 ών,
785 3619 887 3694 δόντος
911 3620 1069 3707 βασιλέως,
1094 3620 1252 3704 παρέλαβε
1274 3615 1326 3703 τὴν
1344 3612 1457 3702 Λιβύης
1481 3612 1590 3702 ἀρχήν.
1629 3608 1663 3688 δς
1687 3613 1724 3701 δη
1748 3618 1866 3701 φθοράς
1879 3619 1994 3700 πολλῆς
2011 3611 2182 3688 αἰτιώτατος

706 3748 750 3830 τῷ
773 3736 891 3827 Λιβύων
913 3739 994 3824 γένει
1016 3739 1145 3823 ἐγένετο,
1172 3732 1300 3809 ἅπαντές
1322 3762 1354 3801 τε
1377 3733 1470 3803 αύτοῦ
1493 3743 1529 3823 τῇ
1554 3733 1635 3823 ἀρχῇ
1657 3727 1801 3821 ἤχθοντο.
1826 3773 1870 3782 -
1892 3731 2023 3819 μάλιστα
2045 3734 2079 3799 δέ
2101 3731 2181 3799 πάν-

706 3888 765 3930 των
787 3857 804 3925 ό
829 3854 1013 3923 Σισιννιόλου
1032 3852 1177 3941 Ἰωάννης
1199 3862 1235 3943 τῇ
1260 3856 1386 3943 Σεργίου
1408 3852 1534 3941 δυνάμει
1555 3859 1698 3942 χαλεπῶς
1727 3853 1804 3942 εἶχε.
1853 3851 1967 3940 ἀγαθὸς
1996 3851 2055 3939 γὰρ
2083 3848 2122 3917 ῶν
2145 3852 2182 3919 τά

707 3982 838 4064 πολέμια
860 3978 911 4042 καί
933 3972 1136 4063 διαφερόντως
1159 3970 1331 4059 εὐδόκιμος,
1366 3971 1531 4062 ἀχαρίστου
1556 3980 1609 4040 τοῦ
1632 3972 1793 4061 ἀνθρώπου
1817 3971 1949 4060 ἀτεχνῶς
1971 3973 2088 4061 ἔτυχεν.
2136 3972 2182 4038 διὸ

707 4099 745 4187 δὴ
782 4091 851 4164 ούτε
888 4091 974 4169 οὗτος
1010 4088 1079 4162 οὔτε
1114 4087 1204 4167 ἀλλος
1233 4099 1289 4158 τῶν
1318 4090 1437 4159 πάντων
1468 4090 1565 4167 ούδείς
1594 4088 1674 4159 όπλα
1704 4091 1853 4179 ἀνταίρειν
1881 4096 1988 4178 τοῖςίῖ)
2028 4094 2182 4177 πολεμίοις

707 4216 910 4309 ἠβούλετοῐί).
950 4221 994 4301 τῷ
1008 4239 1041 4280 τε
1059 4210 1185 4298 Ἄντάλα
1206 4212 1238 4278 οῖ
1250 4238 1282 4277 τε
1299 4209 1489 4299 Μαυρούσιοι
1511 4210 1619 4300 σχεδόν
1641 4238 1670 4278 τι
1692 4207 1819 4286 ἀπαντες
1841 4212 1959 4278 εἵποντο
1982 4212 2033 4277 καὶ
2053 4209 2183 4285 Στότζας

708 4345 743 4408 ἐκ
766 4337 972 4424 θίαυριτανίας
1001 4331 1206 4420 μετάπεμπτος
1234 4326 1339 4418 ἦλθεν.
1387 4333 1451 4398 ἐπεί
1478 4358 1511 4397 τε
1540 4330 1637 4406 ούδείς
1667 4333 1765 4419 σφίσιν
1795 4329 1913 4419 ἐπεξῄει
1934 4338 1993 4398 τῶν
2016 4333 2178 4416 πολεμίων,

707 4451 781 4545 ἦγόν
803 4483 836 4523 τε
858 4458 909 4522 καί
931 4455 1039 4543 ἔφερον
1062 4449 1235 4539 ληϊζόμενοι
1257 4450 1352 4526 ἀδεῶς
1374 4447 1504 4518 ἅπαντα.
1528 4489 1571 4499 -

553 4610 585 4673 p,
611 4586 673 4649 509
794 4581 847 4643 23.
869 4572 1007 4648 Ἀντάλας
1030 4573 1064 4639 δέ
1087 4572 1139 4639 καί
1160 4570 1176 4639 ό
1199 4579 1258 4638 τῶν
1282 4571 1484 4659 Μαυρουσίων
1508 4569 1632 4658 στρατὸς
1653 4574 1841 4658 ξυνελέγοντο
1865 4565 1952 4644 αὖθις
1974 4573 2005 4635 ἐν
2024 4569 2178 4654 Βυζακίιρ,

707 4698 759 4765 καί
782 4694 883 4770 αὐτοῖς
900 4692 1029 4767 Στότζας
1053 4697 1150 4778 ξυνῆν,
1176 4690 1357 4778 στρατιώτας
1379 4716 1411 4759 τε
1433 4689 1551 4778 όλίγους
1567 4690 1648 4765 τινάς
1663 4693 1714 4757 καὶ
1730 4690 1897 4763 Βανδίλους
1911 4690 2004 4776 ἔχων.
2040 4685 2181 4773 Ἰωάννης

707 4819 741 4884 δὲ
764 4814 780 4882 ό
803 4809 1003 4893 Σισιννιόλυυ,
1029 4808 1128 4878 πολλά
1151 4808 1354 4898 λιπαρούντων
1372 4808 1503 4899 Λιβύων,
1529 4809 1699 4898 στράτευμα
1722 4808 1845 4895 ἀγείρας
1867 4806 1915 4873 ἐπ’
1943 4803 2050 4880 αῦτοθς
2073 4799 2178 4891 ἦλθεν.

708 4934 853 5024 ἐτύγχανε
875 4934 909 5000 δέ
925 4930 1055 5020 Ἱμέριος
1077 4928 1157 5019 Θρᾲξ
1178 4937 1234 4996 τῶν
1257 4934 1287 4996 ἐν
1312 4930 1454 5019 Βυζακίῳ
1475 4927 1651 5016 καταλόγων
1676 4922 1797 5015 ἄρχων,
1829 4920 1864 4991 δν
1889 4924 1926 5012 δὴ
1949 4923 2017 4991 τότε
2033 4924 2181 5010 Ἰωάννης

709 5058 830 5126 ἐκέλευε
856 5050 970 5127 πάντας
997 5047 1181 5137 ἐπαγόμενον
1209 5048 1277 5123 τούς
1305 5048 1399 5137 ταότη
1423 5047 1607 5136 καταλόγους
1630 5045 1678 5120 ξῦν
1700 5052 1763 5120 τοῖς
1785 5042 1904 5134 ἐκάστιρ
1925 5042 2104 5132 ἡγουμένοις
2127 5048 2179 5111 ἐλ-

708 5175 801 5244 θόντα
830 5177 861 5249 ἐς
890 5173 1003 5263 χωρίον
1028 5170 1189 5259 Μενεφέση
1203 5174 1256 5255 11),
1287 5162 1305 5235 ό
1333 5172 1411 5235 ἐστιν
1442 5172 1473 5235 ἐν
1497 5167 1653 5253 Βυζακίιρ,
1688 5167 1773 5252 σφίσι
1800 5169 1950 5250 ξυμμῖξαι.
1998 5158 2117 5252 ὕστερον
2148 5164 2181 5230 δὲ

707 5293 838 5368 ἀκούσας
860 5295 993 5360 ἐνταῦθα
1015 5292 1307 5378 ἰστρατοπεδεῦσθαι
1327 5287 1396 5362 τοῦς
1417 5287 1586 5372 πολεμίους,
1606 5283 1727 5373 Ἱμερίιμ
1748 5286 1863 5372 ἔγραφε
1885 5282 1922 5350 τά
1944 5309 1977 5350 τε
1998 5282 2182 5370 ξυμπεσόντα

637 5628 661 5691 1)
682 5629 717 5677 εἰ.
736 5619 887 5696 χρήσεσθαι
1029 5622 1052 5681 5)
1072 5623 1107 5670 al.
1128 5614 1322 5688 ἀποπειρᾶσθαι.
1469 5615 1494 5678 6)
1514 5618 1548 5665 al.
1569 5611 1745 5666 ἀπελείποντο.
1888 5614 1911 5673 1)
1932 5615 1966 5663 αὶ.
1987 5613 2031 5664 καὶ
2048 5618 2177 5664 omittitur.

551 5718 574 5779 8)
595 5719 649 5779 post
667 5711 714 5781 μὲν
733 5712 768 5761 αἰ.
789 5705 834 5761 οῦν
852 5707 962 5757 addatur.
1097 5705 1121 5768 9)
1142 5707 1176 5754 αἰ.
1198 5703 1317 5773 βωμοῖοι.
1456 5701 1495 5761 10)
1516 5703 1551 5751 αἰ.
1571 5703 1628 5757 ταῖς
1645 5697 1739 5768 χερσὶν.
1883 5698 1922 5759 11)
1944 5701 1977 5749 αἰ.
1997 5697 2177 5750 ἀδυνατοῦντα.

553 5803 592 5863 11)
613 5796 777 5852 α1.ἰντοῖς.
886 5792 924 5853 13)
946 5794 980 5841 al.
999 5788 1151 5860 ἠβούλοντο,
1261 5791 1299 5850 11)
1322 5787 1473 5857 μενεφίσση,
1496 5790 1631 5856 μτνιφεσῆ,
1652 5784 1779 5854 μονερίση
1797 5784 1867 5833 codd.
