5030 6734
1268 560 1415 617 CORIPPI

917 748 1091 834 permisere
1113 749 1216 833 loqui,
1243 750 1415 835 digitisque
1439 750 1568 816 silentia
1589 750 1711 833 linguis

917 852 1099 937 imposuere
1122 853 1200 918 suis.
1249 852 1343 921 docui
1365 861 1537 940 praccepta
1559 854 1698 920 iubentis

919 955 1073 1041 principis
1096 963 1129 1021 et
1149 975 1279 1023 morem.
1327 958 1430 1043 pietas
1453 965 1489 1024 ut
1509 978 1629 1041 magna
1649 957 1790 1041 regentis

918 1059 1025 1125 omnia
1046 1061 1223 1141 contineat,
1250 1061 1360 1127 erebro
1383 1082 1530 1129 sermone
1552 1061 1688 1127 cucurri.

918 1163 1066 1230 virtutem
1088 1163 1276 1230 indomitam
1302 1166 1399 1232 mista
1422 1166 1562 1231 bonitate
1585 1165 1696 1231 refovi.

919 1284 1018 1350 saepe
1040 1266 1144 1332 minas
1166 1267 1308 1351 addens,
1334 1270 1494 1335 Romanos
1516 1288 1648 1354 parcere
1671 1267 1756 1349 dixi,

919 1367 978 1434 sed
999 1374 1106 1435 tamen
1129 1377 1161 1436 et
1182 1377 1297 1453 gentes
1319 1392 1446 1457 semper
1466 1372 1603 1456 fregisse
1627 1371 1782 1456 superbas

919 1471 1063 1538 funditus
1086 1481 1119 1540 et
1140 1475 1266 1541 validos
1288 1476 1375 1541 bello
1397 1476 1555 1561 pressisse
1576 1483 1747 1560 tyrannos,

919 1595 1126 1658 enumerans,
1153 1598 1234 1661 quos
1256 1581 1357 1644 Roma
1378 1587 1491 1664 potens
1514 1587 1648 1664 postque
1670 1578 1740 1662 ipse
1763 1578 1892 1661 subegit

918 1686 1028 1746 noster
1049 1681 1090 1746 ab
1113 1687 1255 1747 extremo
1277 1688 1470 1767 temptantes
1492 1682 1615 1767 proelia
1636 1681 1754 1747 mundo

918 1782 1078 1868 princeps.
1126 1785 1250 1851 asserui
1272 1785 1411 1867 bellum,
1437 1778 1613 1870 pacemque
1636 1804 1801 1851 recurrens

919 1886 1052 1970 edocui,
1077 1887 1270 1971 tandemque
1293 1888 1392 1953 silens
1414 1909 1569 1974 responsa
1591 1888 1700 1973 petivi.

918 1991 969 2056 illi
990 1991 1073 2056 inter
1095 2011 1166 2057 sese
1189 1991 1290 2057 fracto
1314 2011 1459 2058 sermone
1481 1992 1624 2058 furentes

920 2094 1055 2160 latratus
1077 2096 1200 2178 varios,
1227 2095 1435 2162 stridentibus
1457 2096 1587 2161 horrida
1609 2095 1729 2179 linguis

920 2198 1020 2263 verba
1041 2197 1148 2263 ferunt
1170 2218 1305 2281 seseque
1328 2219 1410 2264 novo
1432 2206 1551 2265 terrore
1573 2199 1754 2281 revincunt,

920 2307 1026 2367 monte
1048 2300 1116 2385 lupi
1138 2300 1243 2367 medio
1265 2303 1383 2383 veluti,
1409 2323 1481 2368 cum
1503 2302 1614 2368 nubila
1636 2302 1711 2367 latis

920 2404 1107 2470 incumbunt
1125 2404 1236 2485 terris,
1263 2406 1438 2472 ululatibus
1460 2413 1537 2471 atra
1560 2405 1678 2471 crebris

920 2508 1051 2593 pulsant
1072 2527 1192 2593 perque
1214 2527 1311 2574 cavas
1333 2516 1483 2575 resonant
1504 2508 1672 2575 latratibus
1696 2509 1835 2574 umbras.

922 2619 956 2678 ut
977 2611 1103 2695 requies
1125 2611 1212 2677 facta
1233 2618 1283 2677 cst
1304 2612 1437 2693 animis,
1463 2618 1538 2678 tuno
1561 2612 1617 2678 ille
1640 2613 1797 2697 superbus

920 2714 1001 2780 talia
1021 2715 1121 2780 verba
1142 2714 1220 2779 mibi
1242 2714 1336 2781 dictis
1358 2715 1522 2799 respondit
1543 2715 1679 2781 acerbis.

925 2818 1006 2884 ‘ista
1027 2817 1105 2882 mibi
1127 2817 1206 2882 satis
1228 2824 1277 2882 est
1298 2818 1433 2883 Romani
1455 2819 1583 2902 cognita
1604 2819 1696 2903 regni

921 2940 1023 3006 nuper
1044 2928 1138 3005 rupta
1158 2920 1250 2987 fides.
1299 2922 1383 2987 ultra
1404 2941 1463 2987 nec
1489 2922 1604 2988 fallere
1626 2922 1795 3005 quisquam

922 3025 1062 3090 Antalan
1084 3044 1120 3090 se
1141 3044 1236 3110 posse
1259 3032 1360 3110 putet.
1405 3025 1472 3090 iam
1494 3025 1613 3091 sufficit
1634 3024 1720 3091 istud

922 3128 1073 3195 Armenio
1094 3128 1225 3194 licuisse
1248 3129 1358 3195 semel.
1406 3146 1464 3193 vos
1485 3127 1582 3213 fingis
1604 3129 1724 3195 amicos

922 3228 991 3297 arte
1013 3230 1104 3296 mihi.
1150 3251 1213 3295 non
1236 3238 1343 3296 vester
1364 3237 1474 3298 eram?
1516 3252 1580 3297 non
1602 3252 1701 3318 saepe
1723 3233 1870 3299 cucurrit

922 3355 985 3400 non
1007 3334 1115 3400 iussus
1136 3334 1261 3401 meruit
1304 3342 1417 3401 cautus
1438 3355 1503 3401 non
1525 3336 1649 3420 proelia
1670 3337 1758 3420 gessi

922 3458 979 3524 pro
1001 3437 1153 3520 ducibus,
1180 3438 1339 3521 Romane,
1365 3438 1429 3504 tuis
1437 3444 1452 3502 t
1495 3459 1547 3504 res
1569 3440 1699 3525 publica
1721 3448 1806 3506 certe

923 3541 990 3606 fida
1011 3541 1089 3609 satis
1113 3541 1309 3626 sanguisque
1330 3547 1421 3625 tuus,
1448 3562 1617 3625 germane,
1644 3544 1781 3627 fatetur,

924 3644 1108 3727 Guarizila,
1134 3644 1225 3710 ducis
1247 3645 1337 3710 iussu
1359 3645 1414 3727 qui
1436 3646 1528 3712 fusus
1550 3647 1652 3729 iniqui
1674 3656 1733 3714 est.

923 3748 1130 3831 Armeniique
1152 3748 1200 3813 tui
1222 3747 1330 3813 docuit
1350 3748 1427 3813 mibi
1449 3749 1574 3815 reddita
1600 3771 1741 3833 merces,

924 3852 1073 3935 frangere
1096 3850 1198 3935 qnod,
1223 3850 1314 3916 nisus
1336 3858 1445 3917 nostra
1466 3852 1601 3933 virtute,
1628 3860 1798 3938 tyrannum

924 3955 1094 4021 Guntaritb
1117 3955 1169 4019 bic
1190 3954 1303 4040 potuit.
1350 3954 1421 4039 paci
1444 3955 1490 4021 sia
1512 3956 1596 4022 fidus
1617 3958 1759 4040 amicae,

925 4058 971 4124 sic
992 4058 1143 4139 meritus,
1169 4058 1285 4123 vostris
1307 4057 1394 4139 quod
1416 4058 1482 4124 favi
1506 4079 1604 4145 saepe
1625 4060 1813 4147 triumphis,

924 4160 1004 4227 baec
1026 4181 1086 4244 ego
1109 4161 1209 4245 digna
1229 4160 1307 4240 tuli;
1333 4162 1425 4226 vobis
1447 4163 1524 4246 quia
1544 4163 1633 4229 bella
1654 4166 1776 4249 peregi.

924 4264 1060 4331 haecine
1081 4271 1190 4330 vestra
1211 4263 1314 4330 fides?
1356 4265 1440 4331 tales
1462 4265 1643 4332 referuntur
1664 4268 1760 4334 amici
1769 4276 1782 4332 1

925 4368 1121 4434 Artabanum
1144 4368 1238 4433 modo
1261 4374 1354 4451 grata
1375 4369 1471 4457 mibi,
1498 4368 1639 4453 fortuna,
1666 4370 1830 4453 dedisses,

925 4478 1010 4539 sorte
1031 4492 1117 4537 nova
1138 4471 1229 4536 fortis
1252 4468 1373 4555 pariter
1394 4491 1465 4537 cum
1487 4480 1595 4538 noster
1617 4473 1750 4557 Ilaguas

926 4583 1033 4641 castra
1055 4574 1139 4659 regit
1159 4581 1336 4658 gentesque
1358 4574 1447 4641 ferae
1469 4575 1511 4642 de
1532 4575 1649 4642 finibus
1671 4579 1795 4644 Austri!

926 4696 1007 4760 quas
1030 4684 1138 4744 tamen
1161 4697 1236 4743 eece
1258 4685 1352 4762 parat
1374 4678 1485 4743 ductor
1506 4684 1662 4765 temptare
1686 4681 1844 4746 Iohannes

926 4780 1026 4847 milite
1048 4802 1121 4847 cunr
1143 4801 1252 4866 parvo.
1299 4801 1411 4866 pacem
1433 4782 1488 4865 qui
1510 4804 1664 4866 quaerere
1685 4791 1826 4850 nostram

925 4903 988 4949 non
1010 4883 1124 4948 humili
1146 4903 1217 4948 oum
1240 4884 1308 4949 iure
1331 4891 1438 4968 putat,
1466 4884 1524 4950 sed
1547 4885 1685 4951 callidus
1707 4894 1792 4971 arte,

925 5005 1057 5072 poscere
1079 5006 1158 5070 qnos
1180 4986 1306 5069 decuit,
1334 4987 1426 5053 vanis
1449 4988 1622 5054 terroribus
1644 4996 1737 5054 artat.

924 5095 970 5155 tot
992 5089 1071 5155 mibi
1092 5097 1164 5175 post
1185 5088 1317 5155 meritos
1340 5090 1483 5156 subiecto
1506 5091 1608 5157 Marte
1630 5091 1824 5177 triumphos.

924 5192 1058 5260 dextera
1080 5213 1159 5276 quos
1182 5193 1309 5275 tribuit,
1335 5193 1471 5261 ducibus
1493 5195 1610 5261 virtute
1633 5197 1824 5281 peremptis,

606 5459 656 5511 338
674 5457 851 5522 promiserat*
952 5456 1122 5518 dtgutsqucT
1225 5455 1272 5505 341
1293 5458 1390 5505 cucurri
1406 5457 1435 5518 Τ,
1456 5458 1549 5505 recurri
1563 5457 1699 5505 Mommsen
1802 5457 1852 5506 315
1869 5459 1992 5518 pressisse
2009 5460 2098 5524 Bekis„
2117 5463 2160 5511 de-

538 5549 632 5610 perisse
646 5545 676 5605 T,
690 5547 796 5609 periisse
809 5544 887 5594 Mors.
980 5542 1030 5592 348
1048 5556 1185 5605 pacemque
1200 5544 1228 5605 T,
1243 5556 1361 5605 pacemne
1373 5545 1431 5603 tegit
1444 5542 1522 5591 Mure.
1615 5542 1665 5592 353
1684 5543 1830 5591 montemT
1916 5543 1963 5593 361
1983 5550 2127 5596 memctoT

536 5635 638 5683 itcntsso
655 5634 683 5695 Τ,
698 5634 813 5681 necutssc
826 5629 902 5680 nme.
985 5630 1102 5679 11111111111
1182 5633 1333 5691 consortprt,
1347 5630 1444 5692 quoni*
1525 5631 1597 5690 tingis
1614 5631 1642 5689 T,
1659 5627 1892 5691 cngrtupunam.
1982 5632 2156 5686 3611111111,

537 5734 601 5769 noua
620 5719 700 5769 Mors.
817 5716 867 5766 363
886 5718 970 5765 iussus
987 5718 1085 5765 merui?
1103 5720 1192 5764 cautus
1211 5714 1307 5778 Mosa„
1336 5717 1410 5765 iussis
1429 5717 1508 5765 merui
1528 5722 1616 5764 cautus
1638 5717 1672 5777 T,
1703 5718 1778 5764 iussis
1796 5719 1876 5766 merui
1895 5724 2003 5780 pareus?
2022 5719 2157 5769 Manassen

536 5804 772 5855 31111111111111111131
873 5803 922 5852 370
943 5802 1144 5863 meritusBebk„
1166 5802 1300 5851 morttisT
1402 5802 1452 5851 313
1471 5803 1582 5850 dedisset
1602 5803 1680 5852 Moza.
1786 5803 1835 5852 375
1854 5804 1921 5853 ferse
1939 5804 2056 5855 dotum
2068 5808 2156 5869 netu,

537 5892 630 5940 tcreT
735 5889 781 5938 cst
803 5890 957 5953 perepttsT
