5030 6734
1295 566 1442 621 00R1PP1

940 756 1191 837 tarbarieasque
1214 754 1345 819 uehens
1368 773 1518 840 perversu
1540 754 1670 819 numine
1692 761 1813 819 turmas

943 857 1062 943 impius
1083 858 1117 923 in
1138 857 1214 923 latis
1235 858 1406 943 prostravit
1426 857 1560 942 cuspide
1582 857 1714 941 eampis.

1029 961 1093 1026 iam
1115 969 1241 1047 tempus
1263 961 1396 1027 miserus
1419 960 1494 1026 fatis
1516 959 1676 1044 urguebat
1696 959 1840 1040 acerbis,

836 1110 840 1123 ·
944 1085 1106 1149 regnaque
1129 1071 1262 1130 centens
1283 1083 1457 1150 properans
1479 1064 1543 1129 iarn
1566 1063 1708 1147 fregerat
1728 1083 1822 1128 anno.

944 1177 1019 1235 tnnc
1041 1168 1178 1253 primum
1200 1168 1234 1233 in
1256 1168 1373 1234 nostris
1396 1169 1490 1234 urbes
1513 1166 1707 1233 succendere
1728 1166 1822 1232 terris

944 1279 977 1339 et
998 1272 1151 1358 populare
1174 1290 1267 1337 casas
1290 1278 1322 1337 et
1343 1270 1465 1356 campis
1487 1290 1613 1337 currere
1635 1272 1755 1336 Frexes

944 1382 1108 1461 coeperat,
1134 1374 1341 1459 infensasque
1364 1393 1462 1440 ausus
1484 1374 1680 1440 committere
1702 1394 1840 1459 pugnas.

943 1480 1020 1546 inde
1042 1498 1173 1545 merens
1195 1478 1281 1544 vires
1303 1486 1379 1544 tunc
1399 1478 1515 1542 Naffur
1536 1477 1672 1543 anhelus

945 1588 1042 1665 atquc
1064 1582 1150 1647 omni
1172 1581 1213 1648 de
1235 1582 1331 1667 plebe
1353 1581 1438 1646 viros

944 1686 1053 1752 vicina
1074 1685 1115 1751 de
1137 1692 1228 1770 parte
1251 1684 1367 1750 fremit.
1415 1703 1472 1749 nos
1494 1683 1637 1767 linquere
1659 1690 1761 1749 terras

944 1797 977 1856 et
998 1789 1110 1855 dulces
1132 1795 1250 1855 terrere
1273 1788 1358 1853 lares
1381 1805 1449 1852 sors
1470 1786 1570 1871 impia
1594 1787 1713 1871 pulsat.

944 1893 1047 1958 fervet
1067 1891 1187 1977 praedo
1209 1891 1311 1957 feren.
1358 1890 1456 1956 nullis
1477 1889 1543 1954 iam
1565 1890 1632 1955 vita
1654 1890 1769 1956 salutis

944 2002 1032 2062 certa
1053 1995 1143 2061 locis.
1190 1995 1253 2061 acti
1276 1994 1351 2060 fatis
1372 2012 1544 2077 urguemur
1564 1992 1693 2076 iniquis.

818 2118 841 2155 ‘·
943 2107 1084 2185 tempere
1107 2098 1275 2164 Vandalici
1296 2096 1459 2183 perierunt
1481 2095 1601 2179 gaudia
1623 2096 1714 2179 regni

943 2210 1063 2268 nestra.
1111 2200 1205 2266 simui
1229 2219 1339 2266 verses
1360 2199 1486 2266 miseris
1509 2206 1584 2265 tunc
1609 2199 1685 2265 fiere
1707 2207 1842 2284 penates

944 2305 1076 2389 contigit
1097 2312 1129 2371 et
1149 2312 1236 2370 tutas
1257 2303 1401 2388 indignis
1423 2322 1577 2387 quaerere
1599 2309 1711 2367 terras.

1029 2390 1188 2474 Hildimer
1208 2407 1358 2473 infaustis
1382 2406 1482 2489 gessit
1503 2413 1579 2471 tnnc
1600 2405 1722 2490 proelia
1744 2405 1846 2489 signis

942 2513 1088 2579 insuetus
1111 2510 1253 2577 conferre
1275 2531 1414 2575 manum.
1462 2529 1525 2574 non
1548 2508 1668 2575 viribus
1690 2509 1782 2573 illum

944 2616 1089 2696 vincere,
1116 2635 1176 2681 nee
1198 2614 1296 2680 tantis
1318 2619 1443 2699 peterat
1465 2632 1651 2678 concurrere
1674 2611 1786 2695 signis.

942 2719 1032 2784 illins
1054 2718 1190 2784 adverse
1212 2723 1400 2802 rumpuntur
1423 2715 1561 2781 stamina
1583 2714 1648 2780 fatu

943 2821 1103 2888 mentibus
1125 2821 1159 2885 in
1182 2819 1309 2885 mediis.
1355 2837 1451 2885 casus
1473 2817 1550 2901 qnid
1573 2824 1671 2884 terret
1691 2817 1842 2900 iniquus?

944 2945 1042 3010 saepe
1064 2924 1146 2990 irata
1167 2923 1230 3008 piis
1252 2930 1360 2989 servat
1382 2921 1508 2989 fortuna
1529 2928 1691 2987 nocentes.

944 3028 1150 3094 constiterant
1172 3048 1245 3092 nam
1268 3027 1362 3110 signa
1382 3025 1468 3110 iugis
1492 3025 1645 3108 silvisque
1668 3025 1818 3110 superba.

837 3153 844 3164 ·
944 3131 1082 3216 desuper
1104 3130 1145 3196 ab
1168 3130 1308 3215 scopulis
1330 3129 1416 3195 acies
1440 3129 1618 3195 vallaverat
1639 3129 1775 3195 hostem.

942 3255 1002 3301 nee
1024 3253 1098 3321 spes
1121 3234 1190 3299 ulla
1210 3233 1308 3317 fugae
1329 3232 1467 3318 pressis,
1493 3251 1552 3298 nec
1574 3231 1672 3298 fidere
1695 3232 1809 3298 turbae

941 3359 1001 3404 nec
1022 3337 1121 3404 vitam
1143 3356 1272 3422 sperare
1294 3335 1372 3418 fnit,
1398 3355 1458 3401 nec
1479 3335 1592 3401 sistere
1615 3342 1724 3401 contra

940 3440 1006 3507 iam
1028 3447 1183 3526 poterant.
1230 3446 1353 3506 tantum
1376 3437 1516 3524 scopulis
1538 3437 1683 3504 tardatur
1703 3438 1823 3522 iniquis

940 3544 999 3610 ilia
1020 3565 1146 3610 manus.
1192 3544 1294 3628 ruptis
1315 3543 1433 3627 tegitur
1455 3561 1535 3626 gens
1556 3541 1657 3626 impia
1678 3541 1784 3625 saxis,

942 3647 1082 3713 vallibus
1105 3654 1137 3713 et
1159 3647 1268 3713 scissis
1291 3653 1432 3711 muratus
1455 3645 1593 3728 cingitur
1614 3645 1728 3711 hostis.

942 3751 1095 3816 silvarum
1116 3750 1151 3815 in
1172 3750 1279 3816 medio
1301 3750 1390 3815 loeus
1412 3755 1462 3814 est
1484 3769 1711 3832 nemorumque
1732 3748 1911 3833 malignus,

941 3853 1082 3936 undique
1104 3853 1259 3938 praecisis
1281 3851 1422 3917 munitus
1445 3851 1579 3936 rupibus
1600 3851 1726 3935 ingens.

940 3958 1060 4023 arduus
1081 3957 1153 4041 ipse
1173 3955 1251 4022 licet
1272 3974 1456 4038 summoque
1479 3954 1644 4020 cacumine
1667 3953 1781 4021 ductus

941 4059 1098 4141 emineat,
1124 4058 1296 4141 densisque
1319 4064 1468 4142 tegantur
1490 4076 1570 4122 saxa
1590 4057 1732 4138 salictis,

941 4183 1000 4247 per
1021 4162 1100 4246 iuga
1122 4162 1240 4227 siderei
1262 4162 1359 4247 piane
1381 4181 1452 4226 eum
1474 4160 1593 4226 vertice
1616 4160 1720 4244 campi

941 4265 1127 4331 funduntur.
1172 4264 1227 4330 via
1248 4265 1339 4329 nulia
1361 4270 1459 4349 patet.
1506 4262 1562 4328 vix
1584 4263 1716 4347 semita,
1742 4264 1833 4331 tertis

941 4368 1082 4452 undique
1104 4368 1206 4434 fracta
1227 4366 1307 4449 viis,
1333 4367 1412 4433 celsi
1433 4366 1565 4450 fastigia
1587 4366 1692 4451 campi

941 4473 1012 4538 sola
1033 4471 1130 4557 capit.
1176 4471 1297 4537 densae
1319 4469 1511 4535 clauduntur
1533 4468 1629 4535 devia
1651 4469 1764 4536 silvae.

1026 4574 1185 4640 Hildimer
1206 4581 1242 4640 ut
1263 4580 1393 4658 saeptas
1415 4572 1496 4638 vidit
1517 4572 1692 4638 munimine
1715 4573 1819 4638 fessas

940 4687 1036 4762 atque
1057 4678 1091 4742 in
1113 4676 1297 4762 praecipiti,
1323 4676 1411 4742 nulle
1433 4675 1498 4740 iam
1519 4675 1662 4758 tramite,
1688 4696 1817 4760 pugnae

941 4789 1026 4846 stare
1048 4782 1153 4864 luens,
1179 4798 1312 4845 saeuum
1333 4779 1441 4845 timuit
1461 4786 1617 4864 temptare
1639 4779 1804 4864 periclum.

942 4892 1018 4950 tnnc
1040 4884 1126 4948 acies
1148 4882 1285 4967 propriis
1308 4882 1426 4948 densas
1448 4882 1621 4948 consistere
1644 4882 1746 4965 signis

944 4987 1014 5071 ipse
1036 4985 1142 5067 iubet,
1169 4992 1299 5070 saeptos
1322 4985 1439 5050 dubius
1461 5006 1525 5068 qua
1546 4984 1658 5050 tendat
1679 4984 1711 5049 in
1734 4983 1853 5051 hostes.

940 5090 1047 5156 omnia
1069 5088 1227 5175 perversis
1249 5088 1382 5154 veniunt
1403 5089 1560 5154 contraria
1583 5087 1669 5152 fatis.

797 5216 845 5258 aas
941 5214 1002 5260 axe
1024 5212 1173 5279 premens
1195 5191 1335 5258 medium
1358 5192 1506 5257 Phoebus
1528 5191 1592 5256 iarn
1616 5190 1766 5276 lampade
1792 5191 1916 5257 caelum

627 5456 674 5507 182
697 5458 802 5505 numine
830 5457 862 5519 Τ,
891 5456 990 5504 tramite
1008 5454 1108 5503 Lmtm.
1246 5452 1294 5502 188
1317 5453 1516 5515 infessusqneT
1651 5449 1699 5501 189
1724 5453 1820 5501 ualidas
1842 5456 1900 5500 autc
1924 5454 1990 5501 uires
2014 5453 2073 5501 cdd.
2095 5452 2173 5501 Musa.

540 5554 548 5625 q
559 5544 606 5593 190
624 5551 684 5592 tnnc
696 5545 796 5604 nattuga
807 5542 913 5591 anhelus
921 5547 978 5603 port
989 5542 1057 5589 utros
1070 5539 1160 5589 extrue
1174 5540 1201 5599 Τ,
1224 5554 1282 5602 qaae
1294 5539 1368 5587 verba
1379 5554 1391 5586 e
1401 5542 1483 5599 priore
1494 5552 1567 5585 vasa
1577 5539 1642 5585 mate
1654 5541 1755 5609 repetitu
1768 5538 1856 5589 delevit
1866 5538 1943 5607 ,3ςρζεῖ
2052 5536 2096 5587 191
2116 5552 2175 5602 pre·

555 5632 600 5678 mit
613 5631 734 5678 intremit
748 5632 759 5676 1
773 5644 807 5678 m.
821 5632 944 5676 mutuam
958 5627 985 5688 Τ,
1004 5627 1097 5688 premit
1111 5625 1186 5676 Musa.
1293 5628 1337 5673 nes
1354 5627 1448 5687 scripsi,
1468 5626 1514 5674 hes
1537 5624 1557 5672 Τ
1661 5624 1708 5673 193
1727 5626 1774 5673 atti
1795 5625 1815 5672 Τ
1921 5623 1969 5673 196
1987 5625 2063 5672 simul
2080 5627 2173 5686 scripsi,

554 5718 634 5767 semul
652 5717 680 5777 Τ,
700 5715 778 5764 semel
792 5713 869 5763 Maza.
958 5712 1008 5762 200
1027 5714 1129 5761 uincere
1142 5726 1188 5761 nec
1201 5711 1289 5771 Musa,
1312 5713 1413 5760 uincere
1426 5718 1470 5761 rut
1486 5712 1512 5773 Τ,
1535 5713 1647 5760 uinceret
1659 5716 1703 5759 ant
1714 5713 1800 5759 mdiu
1886 5709 1935 5760 214
1953 5715 2070 5771 tegantur
2080 5713 2173 5771 mtpsi.

553 5802 716 5863 tegunturi'
817 5799 914 5848 salictis
932 5797 1044 5859 Lacum„
1066 5799 1206 5849 relictisT
1309 5797 1358 5848 215
1377 5799 1449 5861 plane
1467 5798 1584 5847 cassam
1602 5797 1688 5855 Retia,
1708 5797 1823 5861 pleuoT
1926 5795 1976 5846 219
1995 5797 2030 5844 nti
2049 5796 2128 5844 dimer
2146 5802 2175 5843 nt

553 5887 672 5937 settasT
774 5883 822 5933 223
841 5898 890 5946 qna
909 5884 995 5945 Betis„
1015 5885 1106 5947 queT
