5030 6734
1291 562 1437 618 CORlPPI

942 772 983 818 en
1005 752 1148 837 perfecta
1167 761 1310 837 tuaest,
1337 755 1505 821 coniuncta
1527 764 1628 835 sorte,
1655 756 1802 822 voluntas

943 856 1021 922 dure
1043 858 1166 940 magis,
1192 858 1410 942 praedamque
1434 860 1528 925 simul
1551 868 1747 943 mortemque
1770 867 1899 925 secutus
2001 873 2004 877 ’

943 959 1059 1025 finibus
1082 982 1102 1026 a
1124 960 1254 1045 Libycis
1277 962 1398 1046 pariter
1419 983 1491 1027 cum
1514 964 1611 1028 fratre
1634 962 1783 1028 recedis'.

1028 1064 1171 1148 protinus
1193 1065 1330 1130 adversa
1352 1065 1468 1131 (lullan
1491 1065 1571 1150 petit
1592 1066 1712 1131 arduus
1734 1066 1829 1131 hasta

943 1167 1206 1251 persequiturque
1228 1168 1294 1233 diu.
1341 1189 1471 1253 campos
1493 1168 1550 1235 dat
1570 1178 1662 1252 terga
1683 1189 1741 1255 per
1763 1189 1874 1235 omnes

944 1270 1074 1336 Maurus
1096 1278 1195 1355 eques
1217 1292 1333 1355 magno
1356 1272 1486 1355 fugiens
1508 1273 1697 1338 conterritus
1718 1272 1822 1338 hoste.

945 1373 1079 1456 perfurit
1100 1375 1169 1457 ipse
1192 1395 1349 1459 sequena,
1376 1376 1482 1442 missis
1506 1375 1636 1459 configit
1657 1383 1689 1441 et
1710 1375 1814 1441 hastis

944 1482 1037 1559 terga
1058 1477 1178 1555 virum,
1204 1479 1386 1563 multusque
1407 1479 1547 1544 infundit
1568 1478 1701 1562 sanguis
1725 1480 1871 1544 harenas.

946 1600 1077 1665 corpora
1098 1581 1200 1645 densa
1222 1582 1341 1648 cadunt
1361 1583 1461 1648 latum
1485 1583 1628 1647 revoluta
1650 1602 1708 1668 per
1729 1603 1857 1664 aequor.

945 1691 1046 1748 terror
1066 1684 1257 1768 Laguantan
1279 1685 1418 1771 impellit
1439 1686 1572 1751 Martius
1594 1686 1729 1752 hostem.

945 1786 1076 1868 agmina
1098 1795 1211 1854 cuncta
1233 1795 1381 1855 tremunt.
1429 1789 1552 1854 invadit
1574 1796 1704 1874 pectora
1725 1789 1830 1873 gentis

946 1889 1094 1956 insolitus
1116 1892 1232 1957 virtute
1254 1912 1362 1976 pavor.
1410 1892 1565 1957 mirantur
1587 1897 1620 1958 et
1642 1892 1769 1958 horrent

947 1994 1167 2077 effugiuntque
1190 1994 1305 2059 virum.
1353 1995 1399 2061 sio
1420 2002 1638 2061 contremuere
1660 2002 1822 2061 tonantem

947 2096 1080 2164 fulmine
1103 2096 1236 2180 deiecti,
1263 2098 1366 2164 fracta
1388 2098 1529 2177 nervice,
1556 2098 1723 2181 Gigantes.

948 2200 994 2265 sic
1016 2201 1155 2267 Troiana
1177 2220 1291 2266 manus
1313 2202 1425 2268 fortem
1448 2202 1593 2285 fugiebat
1614 2202 1785 2267 Achillem.

1034 2305 1152 2369 Bruten
1175 2311 1210 2369 ut
1232 2305 1384 2390 expulsas
1406 2306 1529 2390 campis
1551 2306 1615 2370 iam
1639 2311 1762 2371 vertere
1786 2313 1899 2388 gentes

947 2413 1038 2489 terga
1060 2406 1156 2490 fuga,
1182 2407 1406 2492 insolitumque
1429 2407 1675 2473 suoshausisse
1697 2408 1840 2474 timorem

948 2510 1044 2591 vidit,
1071 2517 1103 2575 et
1124 2511 1246 2576 eversis
1268 2512 1355 2576 acies
1378 2511 1585 2576 succumbere
1608 2511 1725 2595 signis,

949 2620 1117 2697 castraque
1139 2620 1209 2679 tuta
1231 2622 1317 2680 metu
1340 2616 1478 2679 Mauros
1491 2615 1609 2680 intrare
1631 2616 1782 2697 fugaces,

949 2717 1062 2783 ultima
1083 2718 1149 2783 fata
1171 2737 1262 2782 suam
1284 2718 1419 2785 credens
1441 2718 1630 2784 concludere
1652 2719 1750 2784 vitam

950 2827 1079 2901 evocat,
1105 2827 1309 2904 errantesque
1332 2820 1465 2903 instigat
1485 2841 1563 2886 voce
1585 2821 1746 2904 cohortes,

949 2922 1068 2988 talibus
1091 2930 1123 2988 et
1145 2922 1238 2989 dictis
1259 2923 1389 2990 timidos
1411 2924 1453 2990 ad
1475 2925 1563 2990 bella
1584 2923 1720 2991 reducit.

954 3030 991 3091 ‘o
1013 3025 1196 3093 miseranda
1217 3047 1347 3111 manus,
1373 3048 1534 3112 nunquam
1557 3049 1639 3111 quae
1662 3028 1747 3094 victa
1768 3028 1916 3109 recessit,

952 3131 1036 3196 unde
1058 3138 1162 3197 metus
1184 3131 1329 3213 gelidas,
1354 3139 1411 3197 aut
1432 3152 1495 3215 qua
1518 3131 1650 3214 virtme,
1676 3140 1821 3198 catervas

951 3254 1026 3299 acer
1048 3234 1137 3317 agit:l
1180 3234 1393 3318 quisquamne
1416 3234 1495 3318 fuga
1517 3234 1701 3301 defenditur
1721 3236 1808 3301 ista?

951 3345 1007 3402 aut
1029 3338 1144 3404 castris
1165 3357 1296 3404 securus
1319 3338 1399 3420 eris,
1425 3358 1508 3421 quae
1530 3339 1632 3405 Marte
1655 3340 1812 3424 superbus

952 3447 1100 3526 rapturus
1121 3441 1185 3506 iam
1207 3441 1309 3506 victor
1330 3441 1444 3507 adest?
1487 3462 1551 3524 qua
1573 3442 1682 3507 territa
1703 3463 1832 3528 pugna,

843 3567 857 3604 u
953 3545 1141 3628 Laguantan
1163 3564 1244 3627 gens
1266 3544 1365 3627 dura,
1391 3545 1499 3628 fugis?
1541 3565 1604 3627 quo
1626 3545 1730 3611 uictus
1753 3547 1794 3612 ab
1816 3545 1924 3611 hoste.

952 3648 1072 3712 hustur
1092 3667 1174 3729 equo
1196 3646 1317 3731 fidens,
1343 3655 1433 3714 tanta
1454 3630 1624 3715 formidine
1647 3650 1769 3714 cunis?

952 3771 1015 3816 non
1036 3751 1153 3834 pudet,
1180 3751 1243 3816 heu
1265 3751 1391 3835 miseri,
1419 3751 1541 3836 eampis
1564 3751 1702 3816 cessisse
1724 3750 1865 3819 relictis?

952 3874 971 3919 o
993 3853 1109 3919 virtus!
1160 3873 1178 3919 o
1201 3855 1298 3920 corda
1319 3856 1439 3919 uirum!
1487 3853 1631 3920 nudosne
1654 3856 1771 3922 reverti

952 3956 1159 4039 desertosque
1182 3956 1282 4023 lioetr
1325 3957 1448 4023 calidas
1471 3957 1518 4022 sic
1540 3978 1669 4024 cernere
1692 3959 1803 4042 Syrtes

953 4059 1070 4126 vaditis
1079 4066 1094 4123 1
1137 4081 1155 4125 o
1177 4060 1316 4142 fugitiva
1338 4080 1469 4140 manus,
1495 4062 1547 4125 vel
1570 4061 1676 4146 prisca
1697 4071 1855 4128 memento

953 4164 1041 4229 bella
1064 4183 1174 4229 senum
1198 4183 1388 4249 pugnasque
1410 4171 1515 4229 truces
1538 4172 1570 4229 et
1591 4165 1698 4231 nobile
1721 4167 1826 4232 robur.

952 4266 1121 4352 imperinm
1144 4266 1250 4333 vicere
1272 4274 1391 4352 patres.
1437 4287 1500 4332 non
1522 4267 1659 4333 vincere
1673 4276 1797 4335 nostros

954 4369 1169 4436 Maximianus
1191 4389 1286 4447 avos,
1316 4369 1450 4436 Romani
1473 4370 1569 4435 fortia
1590 4372 1683 4454 regni

955 4481 1081 4559 sceptra
1103 4481 1232 4556 tenens,
1258 4473 1371 4559 potuit.
1417 4473 1523 4538 turbet
1545 4493 1628 4539 nune
1651 4474 1782 4557 agmina
1803 4474 1940 4560 perdens

956 4577 1109 4643 militibus
1130 4577 1257 4660 quantis
1279 4583 1335 4642 aut
1357 4597 1421 4659 qna
1441 4597 1513 4641 cum
1537 4578 1632 4662 plebe
1654 4578 1832 4657 Iohannes,

954 4680 1122 4766 respicite,
1149 4688 1181 4746 et
1201 4681 1331 4746 andem
1354 4680 1469 4746 vestris
1492 4680 1666 4746 succurrite
1689 4682 1798 4747 natis'.

1041 4784 1160 4849 talibus
1182 4784 1304 4849 exarsit
1325 4782 1418 4848 dictis
1440 4784 1604 4849 Maurusia
1626 4783 1743 4867 virtus,

956 4894 1052 4969 atque
1074 4886 1161 4952 acies
1183 4905 1337 4951 conversa
1359 4885 1458 4967 redit,
1488 4906 1692 4971 pugnamque
1715 4886 1848 4952 resumit

956 4989 1076 5072 acrior,
1103 4995 1135 5055 et
1157 4989 1265 5055 densis
1288 4990 1454 5055 conturbat
1475 4990 1586 5055 nubila
1607 4990 1693 5056 telis.

954 5092 1082 5159 turbine
1104 5093 1191 5157 victa
1211 5092 1289 5158 ratis
1312 5112 1406 5159 cursu
1429 5113 1487 5158 ocu
1511 5112 1608 5178 saepe
1632 5112 1761 5158 recussa

958 5196 1058 5262 fertur
1078 5196 1112 5260 in
1135 5215 1328 5279 aequoreas,
1353 5196 1470 5261 Auster
1492 5216 1554 5279 quo
1577 5196 1703 5279 dirigit,
1729 5196 1850 5277 undas,

958 5300 1034 5367 dum
1056 5298 1191 5364 miseros
1212 5299 1341 5364 turbant
1363 5299 1489 5364 infensa
1511 5300 1655 5384 pericula
1676 5305 1806 5379 nautas,

958 5402 1071 5468 obvius
1093 5409 1199 5487 optato
1221 5403 1331 5469 veniat
1352 5401 1380 5467 si
1401 5398 1531 5466 flamine
1553 5409 1681 5483 ventus,

643 5631 842 5682 assentanea
859 5632 953 5694 torpor,
973 5636 1107 5679 consancta
1129 5629 1156 5691 Τ,
1177 5635 1322 5691 consumpta
1341 5630 1420 5679 Mosa.
1538 5632 1602 5676 sorte
1619 5630 1713 5689 acrlpm,
1734 5635 1804 5692 parto
1824 5628 1845 5677 Τ
1965 5629 2014 5679 789
2032 5631 2093 5679 dura
2112 5630 2189 5682 Mosa.

574 5718 624 5768 790
642 5733 656 5766 a
675 5718 764 5782 Mon„
783 5716 853 5767 hai'
954 5714 1004 5765 792
1022 5716 1065 5764 dlu
1083 5719 1179 5778 scripsi,
1200 5716 1255 5765 dlro
1277 5717 1303 5776 Τ,
1325 5718 1391 5766 nlrou
1410 5710 1489 5765 Maza.
1596 5713 1645 5763 794
1664 5717 1777 5775 contegit
1793 5721 1821 5764 ot
1838 5715 1915 5763 hostis
1938 5715 1959 5762 Τ
2060 5716 2108 5767 797
2127 5724 2191 5766 ωηο

573 5805 698 5864 linguaton
720 5804 741 5851 Τ
844 5802 893 5852 798
912 5808 1008 5865 pettore
1025 5802 1047 5848 Τ
1150 5800 1199 5851 sol
1217 5801 1329 5852 hausisse
1346 5804 1441 5864 scripu,
1462 5802 1563 5849 suxisse
1581 5801 1608 5859 Τ,
1628 5802 1729 5850 anxiose
1748 5802 1845 5850 metm.
1952 5802 2002 5851 813
2020 5816 2085 5865 qnae
2103 5804 2189 5855 aeto..

573 5903 647 5952 qnam
669 5889 699 5948 Τ,
718 5904 795 5952 quum
815 5889 892 5938 liuza.
999 5887 1047 5937 814
1066 5902 1116 5951 qua
1135 5888 1222 5945 lima,
1242 5889 1356 5950 quaml*
1460 5887 1510 5937 815
1529 5889 1663 5949 larrguntau
1688 5888 1709 5934 Τ
1810 5885 2014 5937 attinuerat
