5030 6734
888 578 1119 640 IOHANNIDOS
1136 584 1208 641 LlB.
1228 584 1293 641 Vll.
1315 585 1385 652 (VI).

714 771 904 856 hostilisque
925 779 1041 839 metus.
1088 775 1205 840 multos
1227 780 1304 840 tunc
1325 793 1398 842 esse
1420 775 1573 860 magistro

643 944 649 951 ,
713 874 891 942 incolumes
912 875 1071 957 referunt,
1098 877 1190 943 Vinci
1211 883 1384 962 expectare
1406 884 1602 961 sequentem.

714 977 835 1063 gaudia
857 999 958 1064 parva
980 980 1070 1046 salus
1091 980 1250 1046 sociorum
1271 980 1382 1049 audita
1404 982 1524 1047 creavit

715 1081 922 1165 solamenque
944 1082 1034 1148 mali.
1081 1083 1192 1149 ductor
1212 1089 1289 1175 tunc
1310 1085 1467 1150 coenabit
1487 1104 1597 1151 omnes

714 1203 789 1249 aere
812 1184 911 1250 ciens.
957 1205 1030 1250 rara
1052 1185 1169 1270 trepidi
1191 1185 1319 1253 cinxere
1342 1206 1468 1253 corona.

701 1286 920 1352 circumstant
940 1286 1064 1370 tristes,
1090 1288 1303 1372 lacrimasque
1324 1289 1359 1355 iu
1381 1297 1509 1375 pectora
1531 1290 1679 1356 fundunt.

714 1409 794 1475 quos
815 1391 918 1456 bonus
940 1391 1057 1456 affatur
1078 1391 1148 1459 miti
1170 1410 1242 1459 cum
1264 1412 1343 1460 voce
1364 1393 1535 1476 magister,

715 1493 888 1560 exhortans
911 1494 1123 1577 relevansque
1145 1496 1249 1579 viros,
1275 1503 1308 1562 et
1329 1496 1450 1563 talibus
1472 1495 1550 1562 infit.

720 1599 800 1663 ‘non
821 1597 979 1681 lacrimis,
1004 1597 1156 1681 iuvenes,
1182 1599 1306 1665 animos
1329 1599 1530 1682 confringere
1554 1599 1651 1666 fortes

716 1708 766 1766 est
786 1719 867 1785 opus
888 1699 922 1765 in
943 1700 1040 1767 bello.
1087 1721 1249 1785 nunquam
1271 1703 1416 1769 Romana
1437 1703 1585 1768 iuventus

589 1828 595 1840 ·
715 1803 873 1886 frangitur
894 1803 1050 1870 adversis.
1097 1804 1230 1871 nimium
1253 1805 1432 1887 aurietis,
1457 1805 1573 1871 amicit

716 1928 757 1972 en
779 1906 857 1972 socii
878 1907 1011 1973 ueniunt
1032 1907 1149 1973 mediis
1171 1928 1212 1972 en
1233 1908 1379 1975 hostibus
1401 1928 1511 1975 omnes

715 2009 902 2077 incolumes.
948 2010 1030 2076 alios
1052 2010 1143 2077 aiunt
1163 2028 1334 2097 superesse
1358 2012 1520 2079 docentes.

717 2113 745 2179 si
767 2113 879 2179 vivunt
900 2112 995 2197 socii,
1020 2114 1101 2179 nihil
1124 2122 1174 2180 est
1195 2115 1281 2199 quod
1302 2115 1436 2199 quisque
1460 2117 1519 2182 sub
1541 2116 1632 2183 boste

716 2215 864 2283 amisisse
885 2222 986 2302 putet.
1033 2217 1188 2303 praedam
1209 2238 1305 2302 quam
1331 2218 1412 2287 forte
1433 2219 1550 2286 doletis

716 2339 801 2386 nunc
822 2319 914 2386 vobis
936 2320 1082 2405 rapuisse
1104 2320 1207 2403 viros,
1234 2329 1362 2388 servata
1383 2323 1526 2389 manebit

716 2430 914 2506 augeturque
936 2423 1053 2507 magis.
1099 2423 1239 2490 tumidos
1261 2444 1340 2508 quos
1363 2425 1492 2492 cernitis
1514 2426 1623 2492 hostes

717 2527 817 2594 caede
838 2526 921 2608 levi,
947 2527 1071 2594 discent
1092 2528 1251 2612 gratiter,
1278 2527 1357 2610 quid
1378 2529 1502 2614 proelia
1523 2537 1658 2614 possunt

716 2632 940 2713 Romanusque
961 2629 1064 2714 vigor.
1111 2636 1187 2697 tuuc
1208 2636 1334 2697 uestras
1354 2632 1467 2697 tollere
1490 2632 1629 2717 praedas

716 2734 960 2817 Maurorumque
982 2733 1078 2799 simul
1100 2733 1195 2800 solita
1216 2733 1333 2800 virtute
1359 2734 1492 2801 iuvabit.

590 2862 595 2873 ·
717 2837 832 2904 solvite
854 2843 1034 2903 maerentes
1056 2836 1198 2919 animos,
1223 2838 1376 2924 expellite
1399 2856 1509 2921 curas,

716 2939 928 3025 indignosque
950 2947 1054 3006 metus
1075 2940 1189 3007 reatris
1212 2947 1335 3022 arcete,
1362 2941 1485 3021 Latini,

717 3044 907 3129 pectoribus.
954 3043 1061 3109 veniet
1082 3044 1178 3109 rebus
1199 3043 1332 3111 victoria
1352 3044 1495 3111 nostris'.

802 3145 981 3214 laetificans
1002 3146 1084 3213 ulios
1105 3146 1266 3214 referebat
1286 3147 1367 3215 talia
1389 3148 1519 3230 ductor,

717 3252 788 3337 ipse
810 3250 923 3317 dolens
944 3250 1052 3317 vultus
1073 3249 1194 3318 hilares
1216 3251 1389 3318 simulabat
1413 3250 1539 3317 amicis.

591 3378 614 3413 τ.
719 3374 809 3441 spem
831 3353 931 3420 dabat
951 3360 1094 3439 aspectu.
1142 3373 1235 3420 curas
1257 3374 1332 3421 nam
1354 3355 1450 3421 corde
1472 3357 1648 3440 premebat.

718 3457 795 3524 inde
815 3464 928 3542 petens
950 3456 1042 3523 Vinci
1063 3458 1242 3523 Romarm
1264 3457 1422 3523 conuehit
1442 3474 1577 3541 agmen,

720 3561 940 3647 disposuitque
962 3559 1078 3642 duces,
1104 3580 1253 3627 numeros
1275 3560 1438 3643 fortesque
1459 3561 1603 3628 tribunos

720 3665 754 3731 in
776 3664 922 3749 proprios
942 3684 1087 3730 remeare
1110 3664 1214 3743 locos,
1240 3680 1389 3749 reparare
1411 3663 1549 3730 fovendo

720 3766 946 3853 quadrupedes
967 3767 1090 3850 fessos,
1114 3786 1257 3852 pugnam
1279 3786 1409 3853 sperare
1431 3774 1628 3852 sequentem.

595 3916 599 3924 ·
721 3871 851 3957 corripit
871 3871 943 3956 ipse
964 3871 1067 3952 viam,
1093 3870 1245 3954 gradiens
1266 3891 1325 3956 per
1346 3870 1447 3937 litoris
1469 3890 1559 3955 oras,

720 3997 783 4060 quo
806 3975 909 4042 socios
929 3982 1040 4059 posset
1061 3973 1148 4039 victu
1170 3993 1320 4059 reparare
1343 3973 1468 4042 diurno.

719 4079 796 4145 inde
818 4097 959 4164 superna
979 4078 1058 4164 petit
1080 4077 1271 4164 contemptis
1292 4077 1419 4144 moenia
1439 4077 1529 4162 ripis.

720 4182 797 4248 urbs
819 4181 955 4247 Laribus
976 4181 1093 4248 mediis
1115 4181 1218 4265 surgit
1237 4180 1399 4247 tutissima
1420 4180 1513 4246 silvis

721 4292 754 4351 et
774 4285 874 4351 muris
896 4285 1018 4351 munita
1039 4284 1152 4367 noris,
1173 4303 1256 4368 quos
1280 4283 1423 4351 condidit
1443 4284 1515 4369 ipse

720 4388 919 4455 Iustinianus
940 4409 1043 4473 apex,
1068 4388 1154 4453 orbis
1176 4386 1357 4453 dominator
1378 4387 1437 4452 Eoi

722 4490 909 4573 occiduique
930 4497 1062 4576 potens,
1089 4490 1224 4556 Romani
1245 4489 1349 4573 gloria
1370 4489 1474 4573 regni.

723 4595 786 4660 huc
808 4593 911 4660 socios
934 4591 1047 4660 ductor
1069 4593 1190 4659 celeres
1212 4611 1377 4659 occurrere
1402 4591 1497 4659 iussit

722 4704 820 4780 atque
842 4697 942 4763 duces
963 4703 1141 4781 gentesque
1164 4695 1243 4778 sibi,
1269 4714 1350 4779 quus
1372 4695 1442 4780 ipse
1464 4694 1578 4762 fideles

722 4807 856 4867 noverat
876 4819 949 4867 esse
972 4799 1040 4866 suis
1062 4799 1164 4884 primo
1185 4799 1220 4865 in
1242 4798 1415 4866 certamine
1438 4799 1552 4883 signis.

809 4903 939 4970 nuntius
961 4902 1074 4969 infelix
1096 4894 1229 4987 Tyriam
1252 4910 1456 4969 concusserat
1478 4904 1607 4985 urbem,

724 5006 847 5094 proelia
869 5006 940 5073 dira
962 5006 1068 5075 ferens
1090 5013 1124 5072 et
1145 5007 1236 5073 saevi
1258 5007 1371 5073 funera
1393 5007 1508 5091 campi.

724 5111 916 5196 obstupuere
939 5110 1087 5194 quidem;
1114 5110 1173 5178 sed
1195 5128 1270 5195 spes
1291 5108 1447 5175 fidissima
1468 5109 1564 5176 rebus

724 5235 790 5280 una
810 5214 888 5296 fuit,
913 5216 1039 5281 salvum
1061 5215 1170 5282 retulit
1191 5213 1279 5299 quod
1299 5213 1388 5279 fama
1408 5212 1607 5297 magistrum.

342 5388 453 5395 ———-

412 5478 458 5529 111
479 5480 554 5527 Vinci
573 5477 664 5537 netu,
690 5477 759 5525 iuucl
776 5479 816 5525 oet
833 5479 904 5526 uiuet
924 5478 960 5538 Τ,
985 5479 1065 5527 uletos
1084 5476 1161 5525 Musa.
1266 5481 1399 5539 expectere
1415 5477 1513 5537 rertpoi,
1540 5477 1649 5537 spettm
1669 5472 1701 5536 Τ,
1729 5486 1828 5536 sperare
1845 5472 1923 5523 um.

341 5572 488 5627 sequentem
504 5564 532 5624 Τ,
552 5565 659 5613 alutam
673 5561 752 5613 Muza.
858 5562 906 5614 111
925 5563 1028 5611 aolual'
1133 5561 1179 5613 111
1199 5563 1275 5611 arel·
1381 5559 1429 5610 115
1447 5559 1654 5609 circomstsntel'
1757 5566 1858 5621 pectora
1873 5559 1958 5621 Beleia,

340 5651 473 5715 pettoreT
579 5647 857 5711 inquirendarum.
965 5648 1014 5698 118
1031 5649 1218 5711 confringitel'
1317 5645 1365 5697 111
1382 5649 1457 5696 aiunt
1470 5646 1500 5708 Τ,
1514 5651 1599 5694 sutem
1613 5643 1690 5693 lfuaa.
1791 5643 1841 5694 119
1858 5645 1960 5693 iubttT

344 5737 392 5788 131
411 5738 503 5787 amuis
520 5735 607 5797 scra,
631 5735 722 5784 uestris
742 5736 764 5782 Τ
885 5733 935 5784 134
952 5735 1039 5784 dolens
1057 5736 1142 5795 Betria,
1169 5735 1260 5784 docens
1281 5735 1302 5783 Τ
1425 5731 1472 5782 136
1491 5732 1566 5780 Vinci
1582 5730 1671 5793 eus„
1695 5730 1766 5779 uinci
1781 5731 1821 5780 vel
1837 5731 1907 5779 iunci
1928 5731 1959 5789 Τ,

341 5838 455 5888 campum
475 5821 552 5871 liuza.
661 5818 709 5870 138
727 5821 940 5882 ferremerae,
959 5822 1068 5871 fouendo
1088 5822 1109 5868 T
1215 5818 1260 5870 141
1281 5834 1329 5884 quo
1348 5817 1438 5881 Nota,
1457 5831 1520 5881 quos
1535 5818 1565 5878 T,
1585 5831 1633 5879 qua
1650 5816 1724 5865 Βάὶ.
1832 5813 1880 5867 111
1898 5829 1959 5867 oon-

342 5910 455 5959 tentlaT
561 5907 608 5958 151
627 5907 720 5956 tldusls
739 5908 760 5955 Τ
866 5906 914 5956 153
931 5908 999 5971 quod
1017 5907 1107 5968 Muza,
1127 5908 1171 5969 qui
1191 5908 1211 5955 Τ
