5030 6734
1283 559 1430 615 CORIPPI

934 753 1096 818 sternebat
1117 753 1279 817 Romanus
1303 769 1402 833 eques
1423 750 1587 833 victorque
1608 750 1760 832 necabat,

934 877 1005 922 cum
1028 854 1133 922 subito
1157 854 1278 920 Statias
1300 853 1416 919 mediis
1439 874 1457 918 6
1479 852 1619 918 vallibus
1642 860 1732 918 atrox

934 960 1030 1043 signa
1052 977 1184 1024 movens
1206 957 1336 1022 inimica
1359 956 1435 1039 ruit,
1463 957 1645 1039 crimenque
1667 956 1771 1023 Latini

934 1062 1071 1127 nominis
1093 1062 1312 1144 Hermogenes
1333 1060 1453 1145 pariter
1474 1062 1663 1144 Taurusque
1686 1060 1838 1125 feruntur.

935 1166 994 1231 hos
1016 1165 1160 1249 sequitur
1180 1166 1325 1230 Romana
1347 1183 1478 1245 manus,
1504 1184 1567 1229 uon
1589 1171 1714 1246 nostra,
1740 1164 1889 1230 rebelles.

934 1276 1010 1335 tunc
1031 1268 1144 1335 iterum
1168 1268 1294 1333 miseris
1317 1267 1436 1352 pariter
1457 1287 1642 1333 concurrere
1664 1267 1739 1334 telis

935 1380 969 1439 et
989 1373 1109 1439 bellum
1132 1371 1227 1437 civile
1250 1371 1359 1437 datum
1382 1378 1442 1436 est.
1489 1377 1626 1454 cognata
1648 1377 1797 1455 petuntur

934 1483 1079 1562 pectora,
1112 1474 1256 1557 cognatis
1278 1475 1454 1540 funduntur
1475 1474 1753 1540 visceraxdextris.

934 1579 1157 1664 magnanimus
1180 1578 1301 1644 Statiae
1324 1578 1473 1661 cognovit
1493 1578 1588 1661 signa
1609 1578 1767 1643 Iohannes

934 1683 1072 1769 primus,
1100 1689 1132 1748 61
1153 1681 1270 1747 inflexo
1293 1689 1402 1748 contra
1423 1681 1512 1771 stetit
1533 1681 1635 1747 acrior·
1656 1701 1743 1746 arcu.

934 1794 968 1852 at
991 1785 1070 1852 socii
1091 1786 1213 1871 petiere
1236 1786 1365 1869 fugam,
1392 1785 1572 1867 faciemque
1595 1784 1729 1850 furentis
1834 1804 1838 1813 ’

935 1911 995 1956 nec
1015 1897 1146 1975 potuere
1169 1889 1247 1974 pati.
1293 1909 1391 1954 nervo
1412 1895 1520 1953 tamen
1541 1888 1597 1954 ille
1621 1888 1772 1971 sagittam

934 1994 1088 2079 imposuit
1109 1994 1299 2075 ductamque
1322 2013 1382 2057 sua
1402 1993 1562 2076 gravitate
1584 1991 1716 2057 remisit.

934 2117 1054 2183 perque
1075 2096 1179 2162 femur
1201 2096 1273 2161 duri
1293 2096 1442 2162 transivit
1463 2095 1586 2160 arundo
1609 2096 1736 2179 tyranni

935 2200 1139 2283 confringens
1161 2219 1197 2264 os
1218 2199 1313 2284 pulsa
1335 2198 1413 2277 feri,
1439 2200 1615 2282 mollesque
1637 2198 1796 2264 medullas

936 2303 1082 2388 contigit,
1110 2310 1142 2370 et
1163 2323 1287 2369 mersae
1310 2303 1484 2367 rubuerunt
1505 2301 1664 2384 sanguine
1687 2301 1814 2386 pinnae.

935 2408 1051 2474 emicat
1071 2407 1147 2473 inde
1170 2427 1280 2489 cruor,
1307 2413 1476 2489 vestesque
1499 2405 1642 2490 aspergit
1663 2404 1793 2470 heriles.

935 2511 1064 2579 saueius
1086 2519 1120 2576 at
1142 2510 1281 2591 Statias,
1307 2510 1397 2575 letali
1418 2509 1550 2574 vulnere
1572 2508 1692 2589 victus,

935 2614 1026 2680 flexit
1048 2634 1163 2697 equum
1186 2620 1259 2698 post
1279 2621 1372 2697 terga
1392 2613 1504 2696 fugax.
1551 2613 1636 2678 bunc
1657 2619 1757 2679 morte
1780 2613 1947 2679 cadentem

936 2717 1115 2803 suscipiunt
1135 2716 1212 2782 socii
1235 2717 1398 2799 densaque
1420 2716 1480 2781 sub
1503 2715 1616 2782 arbore
1636 2723 1767 2801 ponunt.

1020 2820 1195 2906 respiciens
1217 2820 1318 2886 victor
1339 2819 1443 2885 socios
1466 2839 1523 2904 per
1544 2827 1636 2904 prata
1657 2820 1790 2903 fugaces

936 2925 1032 3009 vidit,
1058 2932 1091 2990 et
1111 2925 1286 2990 immensus
1309 2923 1399 2990 duris
1422 2923 1512 2989 dolor
1534 2924 1660 2989 ossibus
1682 2925 1770 2989 arsit.

935 3037 1010 3096 tunc
1031 3029 1131 3096 tristis
1154 3047 1326 3111 casumque
1349 3027 1461 3094 dolens
1483 3027 1530 3093 sic
1551 3047 1629 3093 voce
1651 3035 1799 3093 secutus..

939 3136 1052 3215 ‘quem
1074 3131 1201 3216 fugitis,
1228 3130 1327 3197 socii'l
1370 3130 1720 3212 16111661111616116,
1747 3131 1844 3197 cives.

935 3237 1001 3302 iam
1024 3235 1145 3302 Statias
1167 3241 1277 3301 nostra
1299 3234 1442 3299 confixus
1465 3234 1622 3300 arundine
1647 3235 1767 3301 bellum

935 3338 1095 3421 deseruit,
1121 3345 1296 3424 prostratus
1318 3338 1419 3403 humi.
1465 3338 1639 3404 convertite
1665 3338 1769 3422 signa.

934 3463 997 3528 qao
1019 3442 1133 3509 11111111
1175 3462 1237 3525 quo
1259 3461 1316 3506 161
1338 3441 1438 3506 iatum
1461 3441 1644 3507 miserabile
1667 3441 1774 3507 ducit?

935 3547 1016 3627 heu,
1041 3545 1142 3611 virtus
1164 3547 1324 3629 Romana,
1350 3545 1471 3630 peris!'
1518 3544 1565 3610 sic
1586 3544 1719 3611 vocibus
1740 3545 1796 3612 illc

935 3650 1086 3734 culpabat
1107 3649 1243 3734 pavidas
1265 3649 1403 3714 fatorum
1426 3657 1511 3714 sorte
1533 3655 1688 3715 catervas.

936 3751 995 3818 sed
1016 3752 1124 3817 nullus
1146 3760 1219 3837 post
1239 3759 1331 3835 terga
1353 3752 1445 3818 redit.
1493 3752 1657 3817 Maurusia
1679 3753 1780 3819 virtus

935 3856 1153 3940 persequitur,
1179 3855 1382 3940 trepidosque
1404 3875 1501 3940 super
1522 3862 1568 3922 tot
1589 3854 1678 3920 milia
1700 3863 1839 3921 canunt.

1022 3960 1135 4025 alveus
1158 3959 1261 4025 amnis
1283 3967 1352 4025 erat
1373 3959 1488 4025 mediis
1510 3966 1700 4044 praeruptus
1722 3960 1755 4024 in
1777 3960 1879 4025 arvis.

937 4071 1071 4145 utraque
1093 4069 1249 4145 cognatae
1273 4062 1425 4127 dirimens
1448 4062 1585 4128 confinia
1604 4069 1720 4128 terrae.

936 4166 1048 4233 incidit
1068 4167 1120 4232 bic
1141 4166 1279 4248 fugitiva
1300 4185 1413 4230 manus
1435 4165 1607 4249 mortisque
1630 4186 1749 4250 pavore

936 4291 994 4356 per
1014 4270 1101 4355 ripas
1124 4269 1290 4352 fossasque
1313 4268 1410 4335 cadit.
1456 4268 1642 4334 miserabile
1665 4270 1763 4335 letum

829 4397 842 4433 1
936 4372 1090 4439 nascitur.
1136 4372 1216 4453 heu,
1242 4372 1376 4438 miseros
1399 4371 1524 4457 pondus
1547 4372 1642 4438 ciuile
1664 4381 1837 4458 perurguet

937 4477 1127 4561 hostilisque
1148 4464 1265 4542 metus.
1311 4476 1427 4542 multos
1450 4476 1483 4540 in
1504 4477 1571 4541 tela
1592 4477 1761 4550 cadentum

936 4582 1075 4666 impetus
1096 4581 1166 4666 ipsc
1189 4580 1295 4662 dedit,
1321 4579 1457 4664 propriis
1478 4580 1572 4647 modo
1594 4588 1724 4665 pectora
1746 4582 1846 4647 contis

936 4684 1166 4766 transfodiunt,
1193 4682 1419 4765 dominumque
1442 4703 1538 4769 super
1560 4684 1735 4769 crepitante
1758 4685 1850 4750 ruina

938 4788 1028 4855 fortis
1050 4807 1152 4871 equas
1173 4786 1306 4853 veniens
1328 4787 1459 4852 immani
1482 4788 1623 4872 pondere
1645 4788 1774 4871 frangit.

939 4891 985 4958 sic
1006 4890 1102 4976 periit
1122 4888 1306 4957 miseranda
1327 4910 1442 4957 manus
1464 4891 1603 4975 victique
1628 4890 1757 4958 tribuni.

939 4996 1004 5061 dux
1027 4995 1122 5060 simul

1902 5147 2089 5191 rtr'lr·

1553 5154 1813 5275 1661661111
1863 5176 1909 5263 ’Ἄ
2097 5178 2114 5213 ³

938 5306 993 5371 1111
1015 5305 1118 5391 potuit
1138 5311 1294 5388 temptare
1317 5304 1438 5387 fugam.
1486 5304 1655 5369 moriturus
1676 5304 1710 5368 in
1733 5305 1840 5370 hostes

939 5430 1010 5475 cum
1033 5428 1133 5493 parva
1153 5407 1217 5473 ruit
1237 5406 1294 5473 ille
1316 5427 1424 5472 manu.
1471 5406 1600 5472 fortuna
1625 5407 1761 5473 salutem

938 5511 1099 5598 praestitit
1120 5511 1268 5594 audenti,
1294 5511 1437 5595 duraque
1460 5531 1478 5576 e
1499 5517 1599 5576 morte
1621 5510 1751 5577 levavit.

624 5720 888 5782 1616Μαιι.,61Τ
984 5721 1164 5771 1116161611ιῖ1
1258 5720 1529 5781 lidathklr.‚acT
1624 5719 1905 5771 172161611111611.
2003 5720 2169 5775 1131111111,

550 5810 642 5859 durum
661 5808 798 5858 1161611666
914 5808 962 5858 182
981 5810 1128 5871 slcscriprt,
1148 5823 1175 5857 16
1198 5809 1225 5870 Τ,
1245 5815 1284 5858 661
1302 5808 1380 5857 Maza.
1500 5807 1543 5857 191
1565 5807 1704 5856 mediusT
1816 5807 1862 5856 201
1885 5806 2061 5857 intactdcmnt
2078 5820 2169 5866 cerras,

552 5895 1019 5957 66111161161116161161111611616161
1121 5896 1170 5946 202
1190 5895 1368 5944 mariturusT
1469 5932 1472 5937 .
