5034 6730
1297 570 1447 627 CORlPPI

944 779 1025 842 gens
1046 780 1266 844 quaecumque
1290 781 1370 827 ausa
1392 768 1442 827 est
1463 762 1608 827 Romarm
1630 761 1790 826 lacessere
1813 761 1926 843 signa,

944 862 1067 928 horruit
1088 863 1245 929 extinctas
1266 864 1396 949 inopino
1418 864 1552 929 fulmine
1573 872 1715 948 turmas,

943 964 1127 1033 innumeros
1149 966 1306 1033 cecidisse
1328 985 1421 1050 suos,
1447 986 1605 1051 regesque
1628 968 1782 1052 superbos

944 1068 1026 1134 vidit
1047 1070 1107 1135 sub
1129 1070 1246 1135 nostris
1268 1070 1406 1136 humiles
1428 1069 1611 1154 fractosque
1633 1070 1815 1156 triumphis.

945 1193 1021 1255 ergo
1043 1173 1138 1257 signa
1159 1173 1240 1238 meis
1262 1174 1375 1256 Oagau
1397 1175 1556 1241 contraria
1578 1175 1681 1258 signis

944 1273 1028 1340 ferre
1050 1282 1160 1361 parat,
1186 1277 1345 1361 lituosque
1366 1278 1445 1342 mihi
1468 1299 1661 1363 camposque
1684 1279 1824 1344 minatur

944 1398 1025 1461 gens
1047 1380 1205 1462 Avarum,
1231 1381 1264 1445 ui
1288 1388 1384 1466 pacta
1405 1381 1542 1447 damus?
1584 1389 1703 1448 terrore
1725 1383 1846 1468 putatis

924 1480 977 1544 'id
999 1488 1141 1546 nostrum
1165 1482 1283 1548 iecisse
1305 1491 1447 1568 patrem,
1473 1485 1644 1550 miseratus
1667 1485 1778 1568 egenis

944 1590 976 1648 et
998 1583 1142 1668 profugis
1164 1585 1249 1668 quod
1273 1586 1357 1651 dona
1380 1585 1490 1653 dediti
1532 1587 1652 1672 pietate
1675 1588 1809 1671 regendi

943 1687 1004 1751 hoc
1026 1686 1179 1771 facimus,
1206 1689 1371 1773 gratisque
1393 1690 1462 1755 dari
1485 1692 1613 1776 provisa
1633 1691 1793 1757 iuhemus.

941 1796 1050 1855 nostra
1072 1811 1186 1856 manus
1208 1791 1301 1875 larga
1322 1800 1389 1874 est,
1415 1813 1479 1858 non
1500 1794 1652 1878 prodiga:
1679 1794 1813 1880 perdere
1835 1794 1947 1860 nescit.

943 1893 1011 1958 iure
1034 1913 1110 1958 suas
1133 1894 1301 1980 dispensat
1321 1916 1416 1980 opes,
1443 1916 1504 1980 quo
1528 1897 1668 1963 continet
1690 1899 1810 1964 orbem.

944 2004 1056 2081 sponte
1078 1996 1193 2063 damus
1215 1998 1341 2082 dignis,
1367 1998 1508 2083 indiguis
1531 2006 1643 2085 sponte
1666 2021 1833 2084 negamus.

943 2107 977 2165 tu
999 2121 1148 2166 numeros
1170 2101 1311 2167 numeris
1334 2109 1367 2167 et
1388 2103 1474 2168 vires
1495 2103 1619 2169 viribus
1642 2104 1744 2170 audes

942 2223 1124 2287 exaequare
1146 2205 1238 2270 meis.
1285 2206 1401 2270 nostris
1423 2226 1486 2271 non
1508 2206 1636 2273 fidimus
1659 2207 1775 2290 armis,

855 2300 857 2303 ’
942 2327 1136 2389 quamquam
1159 2307 1325 2390 ductores,
1351 2308 1475 2374 numeri
1498 2308 1658 2394 fortesque
1681 2310 1818 2387 tribuni,

942 2409 1078 2475 subiecti
1100 2430 1194 2493 reges
1217 2418 1250 2476 et
1271 2417 1385 2494 gentes
1407 2412 1503 2477 rebus
1526 2413 1691 2478 abundent

884 2515 886 2520 ’
942 2519 1018 2597 quot
1040 2514 1165 2579 caelum
1188 2520 1297 2598 guttas
1319 2514 1432 2597 mittit,
1459 2522 1536 2598 quot
1557 2516 1635 2581 litus
1656 2516 1807 2581 harenas.

943 2616 1029 2699 quod
1052 2624 1236 2702 superest,
1263 2638 1426 2700 unumque
1448 2639 1554 2684 meum
1577 2619 1719 2703 speciale
1740 2620 1905 2702 levamen,

941 2720 1069 2805 imperii
1091 2721 1174 2786 deus
1198 2729 1246 2786 est
1268 2721 1369 2787 virtus
1392 2727 1424 2786 et
1446 2722 1551 2804 gloria
1573 2723 1691 2805 nostri,

942 2843 1047 2906 aquo
1069 2830 1158 2889 certa
1180 2827 1287 2907 salus,
1314 2831 1473 2909 sceptrum
1496 2825 1591 2889 datur
1612 2832 1708 2910 atque
1731 2832 1889 2911 potestas;

942 2927 997 3011 qui
1018 2928 1156 3012 populos
1178 2928 1320 2993 clemens
1342 2948 1438 3013 super
1460 2929 1566 2993 omnia
1588 2950 1689 3011 regna
1710 2930 1843 2996 Latinos

942 3031 1121 3114 constituit,
1146 3050 1321 3116 pacemque
1344 3049 1434 3095 suam
1458 3032 1661 3098 commendat
1681 3034 1801 3099 amari:

942 3135 1033 3200 cuius
1055 3153 1113 3219 spe
1135 3134 1285 3217 fruimur,
1312 3134 1403 3200 cuins
1425 3134 1541 3200 virtute
1564 3136 1719 3221 superbos

941 3238 1114 3321 deicimus,
1141 3237 1231 3302 cuius
1253 3237 1389 3322 populos
1412 3237 1533 3323 pietate
1554 3244 1698 3317 tucmur;

940 3342 995 3425 qui
1017 3346 1142 3406 nostros
1164 3345 1263 3423 auget
1284 3339 1366 3405 mira
1386 3340 1503 3407 virtute
1524 3341 1713 3427 triumphos.

938 3444 1040 3529 ipsius
1062 3441 1232 3509 laudamus
1254 3463 1336 3527 opus
1358 3443 1524 3528 solumque
1546 3445 1713 3524 timemus3

938 3546 1024 3612 hunc
1045 3567 1142 3612 unum
1165 3547 1317 3630 colimus,
1344 3568 1448 3614 rerum
1471 3547 1698 3632 dominumque
1721 3547 1870 3614 fatemur.

940 3657 1135 3733 cognoscant
1157 3651 1298 3733 Avares,
1324 3651 1474 3734 quoniam
1497 3651 1579 3716 deus
1601 3652 1740 3716 omnium
1763 3651 1815 3715 hic
1838 3658 1896 3716 est.

941 3752 1045 3818 fastus
1067 3773 1131 3818 non
1152 3753 1302 3838 patimur.
1349 3760 1463 3837 gentes
1486 3753 1606 3819 servire
1629 3755 1773 3819 volentes

944 3856 1155 3941 suscipimus,
1182 3856 1339 3940 donisque
1361 3857 1500 3923 humiles
1522 3863 1555 3923 et
1577 3857 1697 3923 honore
1720 3857 1876 3922 levamus.

940 3961 1076 4044 quimus
1098 3979 1174 4025 suas
1196 3967 1359 4026 mensuret
1381 3979 1458 4046 opes
1480 3960 1628 4043 viresque
1650 3980 1796 4043 snorum,

939 4083 1011 4128 cum
1033 4062 1105 4146 quis
1127 4063 1215 4128 bella
1236 4070 1344 4147 gerat,
1372 4063 1432 4128 suh
1455 4083 1519 4147 qua
1541 4083 1599 4149 spe
1622 4066 1795 4150 sumpserit
1817 4085 1918 4130 arma.

940 4166 1083 4232 divinum
1107 4166 1235 4232 sibimet
1254 4167 1328 4253 plus
1351 4167 1497 4232 consulat
1519 4167 1604 4232 uude
1627 4175 1755 4253 petatur

940 4269 1109 4334 auxilium.
1156 4269 1294 4354 poterint
1316 4269 1345 4333 si
1367 4270 1499 4334 numina
1520 4290 1604 4335 vana
1626 4277 1788 4356 potentem

940 4392 1126 4459 oppugnare
1148 4372 1262 4455 deum,
1289 4371 1317 4436 si
1339 4379 1473 4456 possunt
1495 4381 1608 4457 sponte
1629 4374 1741 4440 venire

938 4476 1113 4562 persculpti
1136 4475 1280 4560 lapides,
1307 4475 1424 4541 surdae
1446 4483 1617 4558 mutaeque
1639 4478 1781 4562 figurae,

938 4586 1157 4662 monstraque,
1183 4599 1265 4662 quae
1288 4578 1387 4644 variis
1410 4586 1520 4645 extant
1540 4578 1678 4645 conflata
1699 4581 1857 4663 metallis,

938 4683 966 4748 si
989 4682 1080 4749 caelo
1102 4682 1199 4747 tellus
1221 4681 1343 4747 bellum
1365 4689 1485 4767 movet,
1511 4703 1601 4748 arma
1622 4683 1732 4749 feretis

621 4877 669 4927 341
689 4877 850 4928 lacescereM
952 4874 1002 4927 342
1020 4874 1140 4924 orruitM
1242 4873 1291 4924 34⁴
1310 4875 1391 4923 uldil
1405 4890 1453 4934 m.,
1471 4874 1610 4924 uidith.
1627 4875 1654 4922 M
1756 4879 1803 4926 sub
1815 4877 1906 4925 nostris
1918 4877 2024 4926 humiles
2037 4880 2178 4941 tractosque

553 4963 688 5026 triumphis
704 4977 791 5024 margo
809 4964 872 5012 aasz
893 4964 930 5026 (ea
942 4965 984 5025 0),
1005 4963 1051 5011 sub
1069 4961 1160 5009 uostris
1179 4960 1270 5008 humili
1287 4962 1428 5022 fractosque
1446 4960 1587 5023 triumphos
1605 4966 1666 5010 rm.
1688 4960 1724 5020 M,
1743 4977 1788 5025 per
1806 4968 1904 5011 nostros
1922 4962 2032 5013 humiles
2050 4964 2178 5027 lectosque

552 5050 691 5112 triumphos
710 5052 726 5098 2
742 5065 777 5099 m.
799 5049 828 5097 M
963 5047 1013 5098 346
1032 5060 1198 5108 campumque
1214 5060 1300 5107 murco
1317 5046 1380 5094 Rois
1402 5049 1437 5107 les
1456 5045 1486 5110 0)
1623 5046 1673 5096 350
1690 5049 1789 5097 lucinus
1807 5053 1820 5095 1
1840 5063 1886 5106 m.,
1906 5049 2011 5096 {scimus
2030 5051 2046 5097 2
2062 5066 2096 5099 m.
2118 5050 2145 5097 M

552 5141 620 5196 mle
636 5151 722 5197 margo
740 5136 804 5184 Ruta
824 5136 861 5198 (ss
882 5137 912 5196 0)
932 5140 954 5184 el
973 5139 986 5182 1
1006 5150 1040 5184 m.
1063 5132 1098 5194 M,
1117 5133 1195 5193 gratis
1214 5133 1230 5180 9
1246 5147 1280 5180 m.
1302 5131 1331 5178 M
1433 5134 1533 5194 prouisa
1553 5131 1588 5193 M,
1611 5136 1733 5196 promissa
1752 5133 1873 5182 Meursr'us
1893 5134 1952 5183 Osit.
1974 5136 2066 5186 Amol.
2087 5138 2102 5183 1
2108 5137 2128 5184 V
2145 5141 2176 5185 15

553 5221 600 5272 351
621 5236 671 5271 uon
690 5227 764 5282 lau,
783 5236 841 5272 nam
860 5225 922 5272 im.
944 5220 973 5268 M
1074 5218 1124 5268 356
1142 5219 1253 5268 doctores
1271 5221 1370 5266 numeri
1389 5222 1460 5278 lm„
1482 5219 1558 5267 duces
1577 5220 1705 5267 innumeri
1723 5220 1784 5269 im.
1806 5218 1835 5266 M
1936 5218 1984 5269 357
2004 5223 2083 5281 geniti
2101 5227 2174 5285 lou,

553 5310 715 5368 gunterum.
732 5307 761 5355 M
843 5309 918 5357 rebus
931 5306 967 5365 M,
988 5306 1058 5354 nohls
1070 5304 1152 5365 Jeep,
1172 5305 1287 5353 subditae
1300 5305 1377 5365 Fopp.
1484 5302 1534 5352 358
1553 5305 1703 5366 quodlm.,
1723 5306 1858 5367 quotim.
1874 5305 1902 5352 M
1916 5306 1968 5369 (bis)
2075 5306 2126 5357 359
2144 5310 2176 5356 li-

552 5396 642 5444 hamon
662 5394 691 5442 M
800 5392 851 5445 360
869 5398 952 5443 nostre
971 5396 983 5440 1
1003 5406 1050 5450 au,
1070 5392 1150 5440 nostrl
1168 5392 1185 5439 9
1201 5406 1234 5439 m.
1258 5389 1286 5437 M
1396 5388 1446 5439 365
1464 5391 1582 5452 populum
1600 5405 1686 5452 margo
1704 5390 1767 5439 Rois
1789 5392 1825 5453 (ex
1841 5391 1870 5452 0)
1989 5391 2038 5442 367
2056 5407 2119 5456 opus
2139 5394 2174 5455 M,

553 5494 625 5543 opem
643 5479 757 5529 dubilcas
775 5481 845 5542 Jeep.
963 5477 1013 5529 368
1031 5492 1113 5527 rerum
1131 5477 1299 5538 meracitatis
1321 5476 1357 5537 (ex
1378 5476 1420 5539 Ol,
1440 5490 1523 5536 regern
1542 5475 1572 5523 M
1674 5476 1724 5527 369
1741 5478 1827 5526 abares
1844 5480 1861 5526 ‘2
1877 5493 1911 5527 m.
1933 5477 1962 5525 M
2063 5481 2175 5529 omnium

553 5567 594 5616 hic
608 5565 643 5626 M,
663 5569 779 5616 omnibns
791 5567 831 5616 hic
848 5565 966 5615 dubitans
978 5565 1051 5623 Mula,
1071 5565 1228 5626 omnipotens
1241 5564 1317 5624 Fopp.
1424 5561 1471 5611 371
1493 5563 1649 5624 domiulsque
1670 5563 1802 5626 (donisque
1815 5565 1831 5612 9
1842 5566 1887 5627 m.)
1907 5565 2015 5614 humiles
2028 5571 2054 5613 et
2065 5566 2123 5614 hore
2138 5566 2173 5627 M,

553 5653 625 5701 donis
643 5653 804 5715 humilesque
822 5652 958 5701 inhonore
976 5666 1060 5711 murga
1081 5649 1145 5697 Mula
1165 5651 1202 5711 (sa
1222 5649 1251 5712 0)
1359 5648 1408 5697 372
1427 5662 1498 5696 suam
1516 5662 1639 5710 -opem
1656 5664 1743 5710 usurpo
1761 5650 1824 5697 Rois
1843 5653 1880 5711 les
1901 5650 1929 5712 0)
2037 5651 2087 5701 373
2106 5667 2176 5701 sum·

553 5741 615 5789 serit
633 5738 661 5786 M
762 5738 812 5789 374
830 5739 947 5787 diuinum
965 5738 1067 5785 sibimet
1085 5736 1178 5796 Pupp,
1198 5736 1285 5783 diuino
1303 5736 1404 5783 sibimet
1422 5734 1462 5792 M,
1483 5736 1583 5783 diuinos
1600 5737 1651 5783 sibl
1670 5750 1716 5783 nec
1733 5735 1849 5785 studiturus
1866 5736 1946 5795 Rois,
1966 5743 1992 5785 et
2009 5739 2109 5787 domino
2126 5741 2174 5787 slbi

554 5839 586 5874 ne
604 5824 720 5873 dubitans
738 5825 798 5874 thl.
903 5824 1047 5872 consulati
1068 5837 1114 5881 ou,
1135 5823 1334 5872 consulsth.
1356 5820 1383 5867 M
1449 5820 1543 5869 -375
1561 5823 1672 5883 poterint
1691 5822 1726 5883 M,
1747 5828 1866 5885 poterunt
1883 5823 1946 5871 uua
2049 5822 2100 5872 376
2117 5838 2174 5887 pos-

553 5913 605 5959 slnt
621 5924 706 5971 margo
724 5910 786 5958 Roas
807 5912 843 5971 (ιτ
864 5909 893 5971 0)
1000 5907 1048 5957 377
1067 5908 1206 5971 persolupti
1226 5912 1237 5955 l
1257 5923 1302 5966 m..
1323 5908 1459 5971 persculptl
1478 5910 1494 5955 9
1511 5923 1545 5956 m.
1567 5907 1595 5954 M
1697 5908 1747 5957 379
1765 5911 1844 5958 moult
1864 5908 1892 5955 M
