5042 6726
1058 572 1288 630 Pscouulvu.
1914 561 1990 627 LIX

360 804 459 869 libros
482 807 538 866 aut
560 819 601 865 ex
623 795 777 864 Ovetensi
797 795 879 880 ipso,
905 802 962 862 aut
983 815 1002 862 e
1024 796 1134 863 codice
1156 795 1302 862 eiusdem
1325 794 1469 862 familiae
1491 795 1650 881 originem
1672 793 1791 860 ducere
1813 789 1991 858 statuerim·

362 923 505 988 Stemma
527 919 680 985 librorum
701 915 763 982 hoc
785 914 853 981 fere
875 915 978 982 luisse
1000 914 1147 982 arbitror.

1057 1102 1090 1167 X

1268 1308 1485 1479 fragmentoin
1507 1392 1669 1460 Ovetense

1451 1478 1476 1630 l

1461 1650 1467 1727 Ι

1127 1771 1337 1837 Santonensis
1566 1769 1802 1837 Laurentianus

447 1996 606 2076 Quoniam
628 1994 670 2061 de
692 1993 856 2061 codicibus
878 1992 1011 2078 Corippi
1033 1991 1114 2059 satis
1136 1991 1275 2073 dictum,
1307 1992 1371 2058 iam
1394 1992 1508 2078 paucis
1530 2012 1705 2078 exponam,
1739 2012 1802 2077 111
1825 1992 1920 2059 modo
1942 1979 1993 2058 his

361 2116 514 2184 subsidiis
543 2115 682 2182 editores
712 2114 763 2180 usi
792 2113 867 2179 sint.
914 2112 1149 2198 Panegyricum
1172 2111 1366 2197 Corippeum
1397 2111 1520 2198 primus
1542 2112 1676 2179 Ruizius
1703 2114 1808 2197 (1581)
1835 2132 1854 2178 1
1883 2112 1994 2179 codice

360 2257 417 2303 111
445 2237 540 2320 (1111
560 2233 750 2318 Μ111111111)
777 2240 842 2299 tam
872 2232 1046 2317 diligenter
1068 2239 1101 2298 et
1122 2231 1201 2298 scite
1228 2231 1444 2318 descriptum,
1476 2238 1542 2298 1111
1571 2231 1676 2299 sobrio
1704 2251 1848 2315 sanoque
1875 2232 1994 2299 iudicio

360 2355 566 2422 emendatum
593 2353 715 2441 publici
744 2352 824 2419 iuris
845 2352 940 2434 fecit,
973 2358 1009 2417 ut
1036 2351 1071 2418 in
1101 2370 1140 2419 eo
1162 2349 1302 2418 editores
1324 2359 1399 2439 post
1419 2371 1493 2419 eum
1515 2370 1669 2438 peccasse
1690 2352 1872 2437 videantur,
1908 2353 1994 2436 quod

360 2476 473 2541 Ruiaio
506 2495 619 2561 parum
649 2472 762 2539 conlisi
791 2491 849 2538 suo
877 2471 1009 2555 ingenio
1037 2471 1207 2554 indulgere
1235 2491 1332 2554 quam
1363 2470 1513 2538 editionis
1541 2472 1665 2558 primae
1686 2472 1827 2556 vestigia
1849 2492 1995 2557 premere

360 2597 553 2662 maluerunt.
599 2593 800 2675 Quamquam
830 2592 915 2658 enim
937 2591 1078 2657 virorum
1108 2590 1288 2674 doctorum,
1312 2591 1481 2678 ¹Casperio
1503 2592 1627 2657 Bartbii
1655 2592 1795 2658 maxime
1817 2593 1995 2678 sagacitate
2105 2646 2118 2667 ,

358 2716 423 2782 iam
447 2735 533 2781 saec.
559 2714 668 2779 XVlI⁰
689 2712 752 2779 loci
774 2712 914 2797 corrupti
943 2710 1032 2777 haud
1054 2713 1150 2796 pauci
1172 2713 1280 2779 sanati
1302 2719 1392 2792 sunt,
1430 2718 1537 2778 tamen
1568 2711 1726 2778 editiones
1749 2732 1876 2794 omnes,
1910 2733 1994 2797 quae

359 2843 435 2903 tunc
457 2833 653 2920 prodierunt,
679 2832 864 2917 Dempsteri
890 2832 1012 2916 (1610),
1047 2831 1155 2897 Rivini
1182 2834 1301 2916 (1653),
1334 2830 1539 2898 Rittershusii
1566 2832 1671 2915 (1664)
1697 2833 1803 2916 magis
1825 2833 1993 2918 magisque

359 2976 379 3021 a
401 2961 508 3021 111111
529 2953 632 3019 forma
653 2952 796 3036 genuina
817 2958 1030 3018 recesserunt.
1069 2951 1120 3017 Ne
1142 2950 1184 3017 de
1199 2951 1348 3035 Fogginii
1370 2950 1500 3035 quidem
1522 2950 1663 3018 editione
1684 2953 1803 3035 (1777),
1830 2953 1885 3036 qui
1907 2955 1994 3020 locos

359 3075 529 3140 nonnullos
551 3072 682 3156 ingenio
704 3071 891 3138 felicissimo
913 3071 1071 3150 restituit,
1108 3072 1218 3156 plures
1248 3071 1441 3138 coniecturis
1463 3071 1588 3138 erudite
1611 3078 1644 3138 et
1666 3071 1840 3158 diligenter
1863 3074 1994 3158 excogi-

358 3195 434 3260 tatis
463 3196 583 3260 frustra
611 3190 799 3277 temptavit,
832 3190 926 3256 aliter
954 3190 1090 3257 iudices.
1137 3191 1271 3257 Cautius
1300 3193 1413 3277 paullo
1442 3191 1557 3259 ceteris
1584 3191 1739 3275 laegerus
1773 3193 1876 3277 (1779)
1911 3194 1989 3278 egit,

360 3313 414 3396 qui
438 3312 609 3379 editionem
632 3311 823 3377 Ruiziauam
845 3310 950 3395 magis
973 3318 1103 3377 secutus
1124 3311 1197 3396 ipse
1219 3331 1326 3397 pauca
1348 3330 1444 3394 sane,
1476 3310 1600 3396 aliquid
1620 3318 1729 3377 tamen
1751 3311 1794 3377 ad
1816 3313 1994 3399 panegyri-

358 3454 430 3499 cum
453 3432 690 3498 emendandum
718 3430 861 3497 eontulit.
909 3430 951 3496 Vt
971 3431 1126 3514 Iaegerus
1148 3431 1299 3515 Fogginii
1329 3430 1501 3497 editionem
1530 3431 1640 3516 paullo
1666 3437 1740 3497 aute
1768 3433 1890 3517 publici
1911 3434 1991 3500 iuris

358 3554 476 3619 factam
503 3572 568 3618 non
590 3558 739 3634 noverat,
772 3551 818 3615 ita
846 3550 950 3635 ipsius
980 3550 1152 3617 editionem
1180 3550 1361 3616 Immanuel
1389 3550 1560 3617 Belrkerus
1593 3552 1697 3634 (1836)
1724 3551 1902 3636 ignoravit,
1935 3555 1990 3637 qui

357 3673 555 3758 incorpore
585 3671 774 3756 scriptorum
802 3670 957 3736 historiae
979 3671 1179 3755 Byzantinae
1201 3670 1376 3756 Gorippum
1405 3670 1636 3739 recensendum
1659 3679 1855 3758 susceperat.
1903 3674 1992 3741 Bek-

356 3792 455 3858 kerus
484 3791 519 3858 in
547 3762 743 3877 panegpvico
772 3790 897 3857 edendo
919 3790 1069 3876 Pogginii
1092 3791 1281 3876 plerumque
1302 3789 1449 3874 vestigiis
1470 3789 1622 3857 inhaesit.
1668 3793 1744 3877 lpse
1765 3790 1827 3858 hoc
1848 3795 1989 3861 carmine

357 3910 452 3977 senili
474 3931 538 3976 nou
559 3910 606 3976 ita
628 3910 807 3977 delectatus
829 3929 902 3976 esse
927 3909 1072 3993 videtur,
1105 3917 1140 3976 ut
1168 3909 1202 3974 in
1225 3909 1295 3977 eius
1317 3909 1576 3977 emendationem
1599 3929 1730 3996 operam
1753 3932 1904 3996 magnam
1926 3914 1990 3980 im-

357 4031 522 4116 penderet.

441 4149 583 4216 Carmini
605 4149 638 4214 in
660 4149 789 4215 laudem
811 4148 927 4215 Iustini
949 4149 1083 4217 minoris
1105 4149 1298 4235 explicando
1320 4149 1384 4215 iam
1407 4149 1634 4234 Dempsterus‚
1661 4150 1826 4234 Barthius,
1851 4151 1990 4220 Ritters-

353 4270 467 4337 husius
489 4290 619 4354 operam
648 4276 808 4335 naverunt
836 4270 915 4335 locis
943 4273 1131 4356 scriptorum
1159 4269 1361 4351 antiquorum
1390 4268 1500 4335 multis
1529 4269 1708 4353 congestis,
1749 4271 1867 4353 quibus
1894 4273 1988 4339 modo

354 4396 468 4474 poetae
495 4408 599 4472 genus
627 4388 773 4466 dicendi,
807 4388 901 4454 modo
931 4407 983 4455 res
1012 4390 1054 4455 ab
1078 4409 1116 4455 eo
1138 4393 1332 4455 memoratas
1354 4387 1566 4454 illustrarent.
1614 4389 1681 4456 Sed
1702 4390 1844 4456 omnium
1867 4393 1987 4477 optime

353 4509 394 4576 de
415 4509 678 4594 interpretatione
700 4507 852 4574 historica
873 4508 1064 4593 panegyrici
1085 4506 1239 4592 Corippei
1260 4506 1439 4593 Fogginius
1462 4507 1595 4575 meritus
1617 4515 1676 4591 est,
1702 4509 1758 4593 qui
1780 4510 1822 4576 de
1843 4512 1986 4595 antiqui·

352 4629 472 4695 tatibus
501 4631 597 4694 aulae
623 4628 817 4713 Byzantiae,
856 4628 897 4694 de
927 4628 1023 4694 rebus
1052 4628 1154 4710 gestis
1184 4625 1301 4692 Iustini
1330 4627 1552 4713 imperatoris,
1590 4627 1632 4694 de
1659 4628 1737 4695 viris
1766 4632 1881 4697 ceteris
1903 4638 1987 4698 tem-

278 4728 287 4742 ’
351 4748 437 4832 puris
462 4748 552 4814 illius
584 4747 771 4814 clarissimis
799 4747 901 4813 multa
928 4746 1111 4828 adnotavit,
1145 4745 1186 4812 de
1216 4747 1285 4813 vita
1314 4753 1347 4813 et
1375 4747 1503 4833 scriptis
1525 4754 1643 4833 poetae
1666 4748 1867 4833 praelatione
1889 4770 1985 4817 verae

351 4867 540 4934 eruditionis
562 4846 792 4952 plena'omnia
814 4866 1003 4951 exploravit,
1029 4885 1112 4948 quae
1134 4865 1279 4951 intellegi
1302 4875 1377 4933 tunc
1400 4873 1557 4952 poteraut.

437 4986 583 5053 Necdum
605 4987 690 5052 enim
713 4988 850 5052 alterum
873 4986 1017 5052 eiusdem
1032 4985 1166 5072 Corippi
1188 5006 1319 5052 carmen
1341 4988 1468 5072 epicum
1491 4987 1533 5054 de
1554 4987 1651 5053 bellis
1666 4987 1799 5071 Libycis
1820 4988 1855 5054 in
1878 4990 1983 5055 lucem

330 5113 530 5191 *promptum
554 5114 639 5188 erat,
672 5107 760 5189 quod
781 5106 903 5191 primus
924 5107 1039 5201 Petrus
1061 5105 1330 5172 Mazzucchellius
1358 5108 1478 5190 (1820),
1510 5106 1727 5172 bibliothecae
1749 5108 1984 5175 Ambrosianae

349 5227 549 5311 praelectus,
588 5247 607 5292 1
637 5225 747 5292 codiee
775 5226 976 5293 Trivultiano
1008 5225 1119 5291 edidit.
1167 5225 1417 5291 Maazucchellio
1448 5225 1614 5292 difficilius
1643 5226 1744 5291 multo
1773 5246 1855 5311 opus
1885 5248 2011 5312 quam.

348 5346 461 5410 Ruizio
477 5347 662 5412 obvenerat.
710 5345 783 5412 Non
798 5345 939 5412 codicem
954 5346 1122 5430 antiquum
1136 5346 1220 5412 bene
1234 5346 1367 5431 pictum,
1393 5345 1452 5411 111
1466 5344 1693 5429 neglegentius
1715 5346 1866 5431 scriptum
1891 5367 1984 5414 men-

347 5464 461 5548 disque
483 5466 530 5531 ita
552 5473 729 5531 scatentem
751 5465 885 5547 invenit,
911 5473 956 5548 ut,
982 5466 1011 5530 si
1033 5465 1111 5549 quid
1131 5465 1166 5531 in
1188 5464 1328 5549 legendo
1350 5465 1403 5531 vel
1424 5464 1458 5530 in
1481 5463 1684 5532 emendando
1707 5486 1820 5551 pamm
1843 5465 1983 5534 feliciter

346 5585 545 5668 enucleavit,
581 5584 832 5669 haudquaquam
854 5603 927 5650 eum
949 5585 1142 5669 vituperare,
1169 5584 1228 5651 sed
1249 5591 1316 5650 tuta
1339 5584 1480 5651 editione
1502 5585 1536 5651 in
1557 5584 1712 5652 iudicium
1735 5593 1851 5652 vocata
1872 5587 1983 5652 mirari

346 5704 471 5787 deceat,
497 5724 593 5788 quam
615 5711 765 5771 accurate
787 5713 819 5770 et
841 5703 1014 5788 diligenter
1029 5723 1161 5770 munere
1179 5712 1329 5790 suscepto
1343 5704 1473 5771 functus
1488 5704 1540 5771 sit.
1573 5705 1840 5771 Adnotationibus
1855 5726 1982 5789 quoque

346 5824 514 5890 uberrimis
537 5804 710 5889 editionem
733 5824 836 5907 auxit,
865 5823 982 5908 quibus
1011 5832 1043 5889 et
1064 5844 1169 5890 rerum
1191 5824 1370 5890 Iohannide
1392 5831 1592 5890 narratarum
1614 5825 1906 5911 interpretationem
1931 5826 1982 5891 hi-

1725 5945 1744 6000 l1
1752 5946 1767 5979 *
1777 5948 1780 5955 ’
