5030 6734
892 556 1124 613 IOHANNIDOS
1143 557 1213 611 LIB.
1236 556 1312 611 VIII.
1336 555 1420 619 ΝΗ).

738 769 800 814 non
822 748 914 813 illum
937 747 1075 814 salvavit
1096 766 1197 832 equus
1218 746 1349 812 levitate
1370 766 1429 831 per
1450 746 1575 825 hostes,

737 872 800 935 quo
822 850 884 916 sibi
905 850 983 917 fisus
1005 857 1091 933 erat,
1116 871 1176 916 nec
1197 849 1333 914 fractum
1357 848 1484 914 conseia
1506 848 1605 913 virtus

738 954 855 1041 eripuit
876 953 952 1019 fatis
974 961 1031 1021 aut
1052 973 1143 1020 sacro
1165 951 1293 1019 nomine
1316 951 1435 1017 Gurnil.

822 1057 962 1141 armiger
984 1075 1062 1123 ense
1084 1063 1179 1142 caput
1201 1055 1340 1121 ductoris
1362 1055 1488 1120 nomine
1511 1055 1598 1119 Varti

737 1167 882 1246 amputat
903 1180 944 1227 ex
966 1159 1124 1241 humeris,
1150 1159 1322 1244 palineque
1344 1157 1421 1224 astit
1443 1158 1551 1224 enerdi

737 1284 808 1330 mee
830 1263 982 1330 'filerunt
1004 1262 1132 1329 Dorotis
1154 1262 1236 1328 ferro
1259 1268 1353 1328 necat

738 1365 866 1434 enecuit

738 1469 942 1554 remipedem
963 1468 1098 1535 Auratal
1120 1474 1187 1533 tum
1212 1488 1341 1535 currens
1364 1468 1488 1534 Fastita
1510 1467 1579 1533 fixit

738 1571 860 1638 missile
881 1578 1032 1638 contorto.
1079 1571 1163 1654 fugit
1184 1570 1258 1637 ilico
1280 1571 1368 1636 mille
1390 1591 1448 1656 per
1469 1571 1594 1648 hostes,

738 1674 972 1761 permistusque
994 1675 1061 1741 suis

824 1778 1000 1861 concartau,
1026 1783 1116 1844 tante
1140 1796 1314 1843 concussus
1337 1776 1436 1843 caede
1461 1796 1604 1857 suorum,

738 1903 796 1969 per
817 1880 940 1948 medios
962 1880 1071 1948 hostes
1094 1880 1233 1947 ductoris
1257 1880 1352 1964 signa
1373 1879 1516 1962 retorsit,

737 1985 829 2053 milia
850 1986 951 2051 multa
971 1984 1113 2051 trahens.
1160 1983 1342 2051 venientem
1364 1983 1444 2049 vidit

738 2089 832 2155 heros
854 2087 1087 2172 magnanimus.
1134 2087 1242 2153 felicia
1263 2087 1329 2153 teia
1351 2086 1503 2152 Iohannis

738 2190 890 2276 armigeri
911 2189 996 2277 rapit
1015 2191 1086 2276 ipse
1108 2210 1222 2275 manu,
1248 2190 1376 2275 piloque
1399 2191 1556 2275 superbus

738 2295 847 2378 irruit,
873 2293 1107 2378 adversumque
1129 2293 1209 2380 petit
1230 2314 1288 2380 per
1309 2294 1443 2359 vulnera
1465 2302 1576 2378 pectus

695 2461 699 2467 .
738 2406 771 2466 et
792 2398 867 2464 ferit
886 2398 1076 2484 intrepidus.
1123 2396 1256 2482 sanguis
1277 2418 1335 2483 per
1356 2397 1422 2463 tela
1444 2399 1581 2464 cucurrit

738 2503 870 2569 vulnere
892 2520 1017 2568 summa
1037 2500 1159 2583 fluens,
1185 2508 1355 2584 vestesque
1377 2501 1520 2585 aspergit
1541 2503 1670 2569 heriles.

738 2607 898 2691 extemplo
919 2606 1065 2671 turbatae
1086 2605 1173 2671 acies
1194 2612 1347 2690 pereunte
1369 2613 1504 2690 tyranno

738 2708 965 2776 Marmaridum
987 2708 1107 2794 petiere
1129 2708 1250 2792 fugam.
1297 2709 1361 2774 iam
1384 2709 1492 2774 nullus
1514 2709 1547 2775 in
1571 2709 1693 2775 hostem

739 2813 890 2879 contorsit
910 2811 1025 2895 telum,
1052 2812 1110 2879 sed
1132 2811 1215 2877 laxis
1236 2812 1336 2877 fertur
1358 2812 1494 2878 habenis

739 2935 865 2983 currere
887 2915 1069 3000 compulsus
1091 2915 1230 3000 sonipes.
1276 2935 1336 2982 nec
1357 2914 1455 2981 fidere
1477 2917 1590 2984 castris

739 3020 804 3085 iam
825 3018 929 3104 potuit
948 3018 1123 3085 Nasamon.
1171 3018 1253 3083 latos
1277 3017 1446 3084 moriturus
1467 3019 1502 3085 in
1524 3042 1618 3106 agros

740 3121 836 3188 currit
858 3141 956 3204 eques
979 3120 1154 3204 mistusque
1176 3120 1286 3206 pedes.
1333 3121 1477 3187 Romana
1499 3132 1674 3208 sequuntur

740 3225 834 3311 signa
855 3225 1016 3308 dnoesqne
1039 3224 1151 3306 simul,
1176 3225 1301 3291 numeri
1322 3224 1485 3308 fortesque
1506 3226 1636 3294 tribuni.

740 3335 773 3394 et
794 3328 899 3394 laetus
921 3326 1039 3412 pariter
1059 3326 1148 3394 felici
1169 3327 1270 3393 Marte
1292 3327 1451 3394 Iohannes

740 3438 815 3498 ante
837 3431 924 3497 volat
945 3430 1062 3497 densas
1084 3437 1229 3496 sternens
1250 3451 1309 3516 per
1330 3438 1422 3516 prata
1443 3439 1597 3500 catervas.

739 3535 856 3620 planus
878 3539 947 3600 erat
968 3553 1117 3620 campus,
1143 3534 1224 3599 liber
1246 3554 1308 3617 qno
1331 3554 1457 3600 currere
1478 3543 1589 3620 posset

740 3636 834 3702 miles
856 3644 889 3704 et
908 3636 1052 3702 infensas
1073 3635 1147 3702 telis
1170 3636 1335 3703 effundere
1356 3644 1488 3703 turmas.

740 3740 911 3823 invadunt,
936 3747 1140 3824 mactantque
1162 3740 1221 3805 viri
1244 3739 1379 3824 gentilia
1399 3741 1520 3826 passim

742 3864 874 3929 corpora
895 3842 1132 3909 Marmaridum.
1179 3862 1299 3929 poenas
1322 3843 1378 3909 dat
1401 3843 1503 3910 victus
1525 3846 1656 3930 Hagnas

740 3947 966 4030 liuracumqus
987 3946 1075 4014 acies
1097 3954 1129 4013 et
1150 3946 1248 4013 mixto
1270 3947 1403 4013 Naffure
1425 3948 1545 4015 Frexes

743 4048 821 4117 dant
841 4049 966 4117 animas
987 4049 1117 4134 gladiis.
1165 4050 1298 4116 Romani
1321 4049 1431 4115 militis
1453 4051 1502 4116 ira

743 4173 785 4239 05

744 4278 765 4342 P

744 4359 755 4424 l

746 4461 871 4528 condun

744 4585 803 4651 per
823 4583 992 4649 ramosque
1015 4563 1139 4631 sedent.
1185 4564 1232 4629 ibi
1254 4564 1399 4631 fervidus
1420 4565 1454 4630 in

746 4687 804 4734 ocu
828 4674 975 4749 venator,
1002 4687 1080 4734 aves
1102 4667 1190 4734 visco
1214 4667 1268 4751 qui
1290 4667 1375 4733 fallit
1397 4674 1429 4734 et
1450 4675 1530 4736 arte.

746 4769 912 4856 sanguinis
934 4790 974 4837 er
996 4769 1082 4836 omni
1103 4768 1266 4837 fluitantes
1287 4771 1401 4836 arbore
1423 4770 1483 4836 rivi

977 4875 993 4905 *
1268 4876 1283 4907 a

367 5058 529 5068 ...-..—-0-—-

430 5159 480 5210 618
497 5161 564 5207 drus
586 5157 608 5205 Τ
742 5153 788 5205 621
809 5154 942 5216 pallaeque
964 5153 991 5213 Τ,
1012 5152 1177 5215 Pluliuaeque
1195 5155 1253 5213 aqu
1271 5151 1362 5211 Meta,
1382 5156 1425 5215 qut
1442 5153 1606 5216 Plnliuaequc
1623 5160 1645 5201 et
1663 5154 1756 5202 Enerdi
1773 5170 1819 5217 pro
1836 5158 1977 5206 nominibus

363 5246 488 5306 Mewteio,
507 5245 579 5293 sent
595 5248 619 5292 ct
636 5242 690 5292 Mee
706 5255 750 5303 pro
766 5240 905 5289 aenaim
922 5238 1042 5288 &munit
1059 5241 1152 5300 reecpit
1254 5236 1304 5286 622
1322 5237 1419 5288 derorte
1435 5238 1456 5285 T
1557 5238 1605 5287 627
1624 5246 1736 5289 cartam
1750 5240 1771 5287 Τ
1871 5242 1921 5290 636
1940 5244 1977 5291 1ο-

361 5332 450 5381 hannis
466 5330 494 5392 Τ,
514 5330 637 5378 Iohannes
650 5326 740 5387 Mera,
760 5326 802 5376 aed
812 5327 846 5388 ef.
860 5327 920 5376 620.
944 5325 1041 5373 V1eoo
1127 5323 1177 5374 636
1195 5330 1283 5387 peetus
1294 5324 1353 5372 edd.
1370 5322 1445 5373 Mera
1534 5323 1584 5373 636
1603 5324 1758 5387 exemptor
1844 5328 1894 5375 636
1913 5327 1976 5375 Mer-

363 5416 484 5465 maridnm
501 5416 596 5476 wipo,
616 5412 788 5462 marmandam
808 5412 838 5472 Τ,
858 5411 1019 5461 Marmaridae
1038 5409 1114 5460 Meas.
1232 5409 1282 5458 646
1300 5410 1408 5458 Romana
1425 5416 1565 5472 sequuntur
1583 5410 1667 5471 aare,
1688 5424 1804 5460 romanus
1821 5420 1937 5473 equester
1959 5413 1979 5459 Τ

361 5501 411 5551 646
428 5500 530 5551 latusT
633 5499 683 5550 646
700 5497 845 5549 tuteaaaaT
947 5496 1077 5546 effundere
1097 5496 1126 5557 Τ,
1146 5495 1297 5544 confundere
1314 5497 1400 5544 mettm
1504 5496 1554 5545 648
1573 5496 1673 5545 Nadure
1691 5495 1786 5558 addidi,
1806 5496 1842 5557 ef.
1858 5498 1904 5544 111
1918 5501 1972 5545 ref.

364 5591 422 5638 169.
448 5587 497 5634 V11
507 5588 556 5635 384
