5030 6734
905 568 1139 627 laudumnus
1157 571 1229 626 LlB.
1249 572 1314 627 VII.
1338 571 1407 637 (Vl).

730 764 880 841 quattuor
901 758 1019 823 electos
1042 758 1170 843 rapiens
1192 778 1233 824 ex
1255 759 1385 841 agmine
1407 760 1535 824 Mauros

730 859 848 942 vinxit,
875 865 909 925 et
929 858 1092 945 implicitis
1113 860 1320 944 praestrinxit
1341 861 1472 926 brachia
1493 860 1603 944 nodis,

731 961 933 1044 servavitque
954 961 1059 1043 viros,
1085 981 1203 1046 magno
1225 968 1350 1028 secreta
1369 962 1524 1046 magistro

729 1063 786 1146 qui
807 1062 948 1129 referant
967 1064 1151 1148 linguisque
1173 1064 1242 1129 suis
1263 1083 1384 1129 aroana
1404 1065 1577 1130 resolvant.

729 1165 904 1231 Varinnum
927 1167 1054 1250 prensis
1076 1166 1184 1251 rapuit
1203 1165 1322 1231 virtute
1344 1165 1472 1251 capillis

729 1272 763 1332 et
783 1267 951 1352 suspendit
972 1288 1064 1351 equo.
1111 1268 1240 1334 tremuit
1262 1267 1439 1350 dextraque
1460 1266 1615 1352 pependit

727 1368 842 1434 infelix
862 1369 1038 1435 Nasamon.
1084 1390 1179 1454 quem
1201 1370 1346 1455 protinus
1369 1370 1426 1435 ille
1447 1369 1617 1436 remissum

729 1470 843 1536 stravit
863 1471 969 1553 humi,
995 1472 1153 1555 veloxque
1176 1471 1363 1556 superiora
1385 1478 1518 1556 pectora
1540 1472 1642 1553 sedit,

729 1572 928 1639 descendens
950 1573 1082 1640 levitate
1105 1593 1182 1656 sna,
1207 1573 1361 1656 fortisque
1383 1574 1512 1639 lacertis

728 1693 845 1760 aspera
865 1696 924 1761 per
944 1676 1091 1760 geminas
1113 1675 1302 1742 substrinxit
1322 1675 1452 1741 vincula
1472 1676 1610 1760 palmas.

729 1776 855 1844 ducitur
876 1778 951 1843 hinc
971 1778 1114 1860 vinctus,
1140 1779 1287 1843 manibus
1309 1784 1381 1863 post
1402 1785 1494 1861 terga
1516 1777 1684 1859 revinctis,

729 1899 801 1945 eum
823 1880 920 1946 sociis
942 1882 1102 1947 Varinuus
1125 1888 1233 1964 atrox,
1260 1881 1414 1964 vultuque
1436 1880 1570 1946 remisso

729 1982 871 2049 ductoris
891 1983 980 2049 stetit
999 1990 1074 2049 ante
1096 1983 1207 2068 pedes.
1255 1990 1331 2048 tuuc
1352 1982 1455 2048 omnis
1477 1982 1512 2048 iu
1533 1983 1625 2048 illum

728 2084 823 2150 turba
843 2084 906 2150 coit
927 2104 1057 2150 currens
1079 2085 1185 2151 studio
1208 2087 1353 2150 Romana
1372 2083 1500 2166 tuendi,

728 2185 927 2270 Massylique
949 2186 1048 2252 duces
1070 2186 1178 2272 cupidi
1200 2186 1384 2253 condiscere
1407 2205 1522 2252 causas

729 2296 778 2369 et,
803 2308 887 2372 quae
908 2289 950 2354 sit
971 2289 1143 2355 manifesta
1164 2288 1255 2355 fides.
1302 2289 1465 2371 victorque
1486 2289 1607 2354 referre

728 2389 909 2457 Caecilides
931 2391 978 2456 sic
998 2391 1106 2457 iussus
1128 2391 1184 2456 ait.
1236 2393 1310 2457 ‘tua
1331 2392 1472 2457 maxima
1494 2410 1627 2457 servans

728 2493 848 2578 optime
868 2493 958 2559 iussa
979 2493 1112 2575 ducum,
1140 2493 1264 2559 Christo
1287 2500 1449 2578 pugnante
1471 2494 1595 2559 eccuni

728 2616 787 2681 per
807 2595 930 2661 medios
952 2596 1062 2661 hostes
1083 2603 1116 2661 et
1137 2602 1244 2662 castra
1266 2596 1382 2662 feralia
1403 2596 1488 2679 vidi,

728 2718 810 2782 quae
832 2699 932 2765 fixere
953 2698 1014 2763 viri
1035 2698 1161 2764 miseris
1182 2698 1395 2765 Viuceusibus
1417 2699 1514 2764 arvis.

727 2801 893 2884 ingressus
915 2800 1073 2885 trepidam
1094 2800 1192 2866 bellis
1214 2801 1417 2885 cingentibus
1440 2802 1551 2867 urbem

728 2903 889 2970 condolui.
934 2903 1003 2969 illic
1024 2923 1144 2987 magna
1164 2909 1272 2969 tamen
1294 2903 1450 2968 miracula
1470 2903 1550 2968 vidi.

727 3025 865 3087 namque
887 3006 993 3072 iacent
1014 3006 1112 3072 nullis
1134 3005 1330 3071 circumdata
1352 3006 1480 3071 moenia
1503 3006 1619 3088 muris,

726 3107 891 3192 praesidio
913 3108 1036 3174 mnnita
1058 3108 1120 3175 dci.
1167 3129 1231 3174 non
1253 3107 1394 3174 turribus
1415 3108 1506 3173 illam

726 3209 828 3276 ardua
849 3210 974 3296 pinnati
995 3210 1173 3277 defenduut
1195 3210 1335 3277 culmina
1357 3210 1445 3275 tecti.

726 3312 922 3379 mansuescit
943 3320 1057 3395 gentes
1079 3313 1169 3379 verbi
1190 3313 1308 3378 vimute
1330 3312 1492 3378 sacerdos.

601 3466 605 3473 .
727 3415 773 3481 sic
795 3423 889 3500 parat
910 3416 1066 3482 indociles
1088 3416 1237 3481 caelestis
1259 3415 1365 3499 gratia
1386 3421 1521 3481 mentes.

725 3518 783 3584 ille
804 3523 911 3603 potest
932 3518 1060 3585 monitis
1081 3516 1211 3584 rabidos
1233 3517 1334 3582 lenire
1356 3517 1467 3583 leones

727 3627 759 3686 ct
779 3620 908 3705 placare
931 3620 1028 3686 feras.
1074 3625 1302 3685 mansuescunt
1323 3618 1420 3685 eorda
1442 3620 1606 3705 luporum,

726 3731 822 3806 atque
844 3722 951 3789 avidis
971 3730 1101 3789 teneros
1122 3741 1185 3787 uon
1208 3720 1341 3788 laedunt
1362 3721 1521 3788 morsibus
1544 3742 1655 3806 agnos.

726 3826 932 3907 horteturque
955 3825 1068 3907 simul,
1094 3825 1208 3890 iubeas
1228 3835 1399 3909 properare
1422 3825 1586 3906 sequendo

725 3928 849 4013 proelia
870 3927 1022 3993 Romanis
1045 3926 1208 3993 maidens
1229 3946 1384 4011 prospera
1404 3928 1519 4007 rebus,

726 4031 754 4095 si
776 4029 907 4096 venias:
931 4029 1074 4096 lacrimis
1095 4049 1159 4095 non
1181 4029 1309 4095 desinet
1328 4029 1385 4094 ille
1407 4029 1569 4113 precando

726 4153 783 4216 pro
804 4132 932 4217 populis
954 4132 1116 4215 armisque
1137 4130 1201 4196 tuis
1223 4131 1400 4213 castrisque
1423 4131 1546 4198 Latinis

726 4254 863 4300 exorans
883 4235 1018 4318 iugiter,
1044 4240 1169 4300 nostros
1191 4239 1227 4299 ut
1247 4239 1392 4299 conterat
1412 4232 1522 4299 hostes

726 4338 944 4422 omnipotens,
971 4336 1173 4420 humilesque
1194 4343 1251 4402 tua
1272 4335 1388 4401 virtute
1411 4337 1575 4420 superbos.

727 4440 786 4505 bos
808 4459 869 4523 ego
890 4439 1058 4523 digressm
1078 4438 1178 4504 nimio
1199 4438 1316 4503 sudore
1337 4438 1478 4503 rebelles

728 4541 868 4624 detinui,
893 4542 949 4625 qui
972 4547 1086 4607 cuncta
1107 4540 1166 4606 tibi
1188 4546 1313 4605 secreta
1333 4541 1497 4605 resolvant

727 4644 834 4729 gentis
855 4644 966 4726 iniqua
989 4663 1085 4725 suae,
1112 4643 1312 4726 doceantque
1334 4663 1375 4708 ex
1397 4641 1508 4708 ordine
1529 4646 1695 4708 mentem’.

813 4747 940 4813 finierat
961 4746 1074 4826 dictis,
1100 4764 1183 4829 quae
1205 4750 1369 4828 gesserat,
1396 4753 1469 4811 aeta
1490 4744 1649 4811 tribunus.

727 4856 761 4915 at
783 4850 895 4916 ductor
915 4849 1037 4914 vinctos
1060 4847 1267 4915 iamdudum
1290 4847 1411 4914 lumine
1432 4854 1521 4913 torvo

728 4952 910 5037 despiciens
931 4951 1033 5017 iratus
1054 4951 1111 5016 ait.
1161 4952 1234 5033 ‘qui
1255 4951 1415 5016 mentibus
1437 4956 1559 5016 ausus?

727 5056 842 5137 dicite,
867 5054 1021 5122 furciferi.
1068 5073 1152 5136 quae
1173 5072 1231 5118 vos
1253 5072 1323 5119 sors
1346 5052 1416 5117 dira
1438 5052 1545 5136 coegit

727 5158 803 5223 hinc
824 5158 962 5241 Libycos
984 5156 1080 5222 bellis
1101 5156 1215 5220 iterum
1238 5175 1382 5221 remeare
1403 5176 1462 5240 per
1483 5175 1595 5239 agros,

728 5268 761 5327 et
782 5259 897 5326 vetitas
919 5265 1077 5344 temptare
1099 5258 1187 5340 vias,
1214 5257 1382 5339 solitisque
1404 5257 1526 5342 rapinis

728 5364 905 5429 Poenorum
928 5362 1066 5447 spoliare
1089 5360 1200 5427 domos
1222 5367 1400 5444 gentesque
1422 5360 1577 5425 Laudas?

410 5586 461 5635 462
479 5588 665 5649 llnqulsqueT
803 5586 853 5636 465
872 5586 993 5635 Nasamon
1014 5586 1104 5646 dium,
1124 5586 1293 5635 mamassui'
1431 5584 1481 5635 469
1499 5585 1644 5634 reuletial'
1697 5624 1704 5633 .
1781 5583 1830 5633 4ῖ4
1850 5597 1914 5645 quae
1934 5585 1965 5645 Τ,

341 5685 391 5732 quo
410 5670 545 5720 Mommsen
647 5672 698 5721 lto
716 5673 806 5720 octlme
823 5671 922 5721 luxaT
1025 5671 1075 5721 478
1094 5674 1190 5720 miserie
1207 5672 1377 5721 vincentibus
1394 5674 1489 5731 πνίγει,
1510 5672 1606 5718 miseris
1625 5673 1693 5719 uicte
1711 5671 1814 5719 euslbus
1829 5670 1859 5729 T,
1881 5671 1966 5717 miseri

341 5758 439 5808 inuicte
449 5757 552 5805 ensibus
564 5759 621 5817 tecit
635 5756 725 5817 Musa,
745 5758 831 5805 miseri
844 5758 1013 5807 Viueeuslbue
1026 5757 1100 5807 Besa.
1207 5756 1254 5806 481
1275 5755 1423 5805 circumdite
1437 5756 1458 5802 Τ
1559 5754 1608 5804 482
1627 5769 1676 5803 nou
1692 5756 1720 5815 Τ,
1742 5769 1799 5802 nam
1813 5757 1872 5816 levit
1886 5753 1964 5808 Musa.

342 5841 392 5891 493
411 5842 551 5893 excmssl'
655 5839 704 5891 494
722 5842 877 5907 bumiletque
897 5843 974 5893 Musa.
1082 5841 1131 5891 502
1150 5844 1209 5891 binc
1229 5844 1258 5906 T,
1279 5843 1328 5891 buc
1346 5841 1463 5893 dubitans
1481 5841 1555 5893 aaa.
