5042 6726
972 578 1200 635 lOHANNlDOS
1219 580 1290 635 LIB.
1312 581 1333 633 l.

733 770 959 853 horrisonoque
981 788 1098 852 graves
1121 770 1232 835 laxant
1253 769 1388 836 stridore
1410 768 1577 849 rudentes,

734 871 982 957 expanduntque
1004 873 1104 937 sinus.
1150 870 1288 957 placidis
1309 873 1375 938 iam
1397 872 1532 938 carbasa
1553 871 1663 938 flabris

733 995 831 1041 aurae
852 975 992 1060 impulsa
1012 982 1151 1041 movent.
1198 973 1399 1041 abscondunt
1418 975 1487 1040 alta
1509 974 1653 1057 carinae,

734 1085 766 1143 et
787 1078 867 1144 latet
887 1083 1059 1159 angustum
1082 1083 1209 1143 eentum
1231 1078 1291 1143 sub
1312 1077 1474 1163 puppibus
1496 1096 1626 1159 aequor.

734 1198 887 1264 prospera
909 1179 1042 1245 maturis
1064 1180 1268 1246 crebrescunt
1289 1179 1420 1245 flamina
1441 1180 1550 1262 Coris,

733 1283 965 1368 impelluntqne
987 1288 1085 1348 rates.
1131 1282 1250 1348 aeratis
1272 1302 1412 1366 aequora
1433 1282 1535 1368 proris

734 1385 942 1471 proscindunt
962 1386 1100 1465 celeres,
1128 1385 1292 1451 sulcantur
1312 1404 1469 1451 marmora
1490 1384 1617 1469 rostris,

735 1508 869 1573 spumea
890 1489 949 1554 sub
971 1488 1077 1572 longis
1098 1489 1320 1555 immurmurat
1341 1488 1428 1555 unda
1450 1488 1578 1554 carinis.

820 1592 934 1657 classis
956 1592 1123 1658 Threicias
1145 1598 1282 1674 angusto
1304 1592 1397 1658 litore
1419 1590 1545 1673 fauces,
1586 1634 1591 1643 ,

734 1696 849 1761 Seston
870 1694 1037 1779 Abydenis
1059 1694 1178 1761 dirimit
1199 1715 1263 1780 qua
1283 1701 1399 1780 pontus
1420 1694 1463 1760 ab
1485 1694 1587 1777 arvis,

733 1798 910 1881 Sigeasque
932 1798 1019 1862 volat
1040 1797 1144 1863 ventis
1167 1817 1280 1863 secura
1299 1816 1358 1882 per
1379 1796 1500 1877 undas,

734 1907 766 1966 et
788 1900 868 1984 legit
888 1900 1039 1984 antiquae
1062 1900 1139 1966 litos
1162 1900 1360 1967 lacrimabile
1383 1899 1510 1965 Troiae.

733 2004 844 2069 inclita
866 2011 942 2069 tunc
962 2002 1105 2069 referunt
1127 2003 1296 2088 Smyrnaei
1317 2002 1459 2068 carmina
1481 2003 1580 2079 vatis,

733 2105 977 2191 significantque
998 2107 1087 2172 locos
1109 2107 1177 2172 alta
1198 2105 1239 2171 de
1260 2126 1368 2191 puppe
1390 2105 1541 2190 priorum.

733 2210 814 2275 haec
836 2209 954 2275 Priami
976 2208 1089 2292 sedes,
1116 2210 1228 2275 domus
1250 2209 1331 2275 haec
1353 2208 1492 2291 Aeneia,
1518 2208 1615 2292 longe

733 2312 900 2378 arboribus
920 2331 1004 2396 quae
1026 2318 1140 2397 saepta
1160 2312 1255 2379 iacet.
1302 2312 1355 2379 hic
1376 2329 1494 2377 saevus
1516 2311 1660 2378 Achilles

732 2422 874 2481 traxerat
895 2415 1087 2481 Hectoreum
1109 2434 1203 2481 curru
1225 2415 1369 2501 rapiente
1392 2414 1540 2481 cadaver.

734 2519 923 2584 Demoleum
945 2517 1006 2583 hoc
1029 2517 1129 2585 victor
1150 2519 1322 2603 prostravit
1344 2517 1435 2584 litore
1458 2537 1609 2601 magnum

733 2623 862 2688 Aeneas
883 2639 1040 2706 proavus,
1066 2621 1174 2688 celsae
1196 2641 1258 2705 quo
1280 2622 1406 2687 moenia
1428 2622 1550 2687 Romae

733 2744 848 2789 nomen
870 2732 902 2789 et
924 2723 1050 2808 imperii
1072 2724 1273 2809 praeclarum
1295 2731 1425 2790 auctore
1446 2724 1602 2807 refulget,

734 2835 830 2910 atque
852 2832 940 2893 tenet
962 2827 1062 2892 latum
1085 2826 1277 2893 dominantis
1299 2826 1429 2894 foedere
1451 2826 1615 2892 mundum.

734 2938 912 3013 cunctaque
934 2937 1027 3012 gesta
1050 2936 1169 2995 canunt
1189 2930 1301 3012 Argivi
1323 2930 1446 3015 proelia
1468 2930 1564 3011 belli,

733 3032 872 3099 concidit
892 3033 1050 3099 Hectorea
1072 3034 1238 3099 Patroclus
1260 3033 1352 3098 fusus
1374 3040 1409 3098 nt
1430 3033 1542 3115 hasta,

732 3145 830 3220 utque
851 3136 944 3219 niger
965 3136 1114 3201 Memnon
1135 3134 1270 3202 Pelidae
1292 3137 1424 3202 vulnere
1446 3135 1566 3217 victus,

732 3239 821 3306 flevit
841 3248 877 3306 ut
898 3239 1021 3305 Aurora
1041 3237 1183 3321 ingentis
1204 3238 1259 3324 pia
1280 3237 1394 3305 funera
1416 3238 1500 3321 nati,

733 3341 851 3409 corruit
872 3348 908 3408 ut
929 3341 1043 3407 mediis
1065 3341 1216 3408 bellatrix
1238 3341 1329 3426 virgo
1352 3341 1490 3408 catervis
1620 3409 1627 3424 ,

731 3445 936 3512 Penthesilea
957 3445 1041 3528 suis,
1066 3444 1194 3511 Rhesus
1216 3465 1280 3528 qua
1301 3453 1394 3511 nocte
1416 3450 1618 3529 peremptus,

732 3549 861 3614 Troilus
883 3555 980 3632 utque
1001 3568 1082 3633 puer
1102 3547 1177 3614 forti
1199 3564 1389 3631 congressus
1411 3546 1548 3630 Achilli,

732 3652 832 3718 victor
853 3650 1024 3735 Apollinea
1046 3649 1163 3717 cecidit
1184 3669 1249 3733 qua
1269 3651 1342 3734 lege
1365 3650 1503 3734 sagitta,

732 3775 795 3838 quo
816 3754 908 3820 Paris
930 3753 1077 3820 occubuit
1099 3752 1266 3820 confossus
1288 3754 1419 3820 vulnere
1442 3760 1560 3838 raptor.

732 3858 845 3923 ultima
866 3863 939 3942 post
960 3857 1102 3923 referunt
1123 3856 1299 3924 exhaustae
1320 3856 1471 3924 incendia
1493 3857 1609 3923 lhoiae

732 3962 926 4044 Aeneaeque
948 3960 1077 4045 fugam,
1103 3966 1179 4026 tunc
1201 3959 1323 4027 clarum
1345 3959 1473 4025 nomine
1494 3960 1557 4025 Iuli

734 4072 768 4130 ut
788 4082 922 4148 puerum
945 4070 1131 4148 patremque
1153 4062 1274 4128 amissa
1295 4063 1431 4148 coniuge
1454 4082 1562 4129 secum

733 4167 868 4233 navibus
890 4166 1015 4249 evexit,
1041 4174 1087 4233 tot
1107 4186 1166 4252 per
1187 4165 1273 4232 vada
1295 4166 1424 4232 caerula
1446 4184 1587 4231 comens.

818 4269 922 4337 audiit
942 4269 1094 4353 egregius
1115 4275 1282 4334 narrantes
1305 4268 1429 4353 proelia
1449 4269 1572 4334 Petrus.

732 4372 835 4438 audiit
856 4380 892 4438 ut
912 4373 1004 4457 pueri
1025 4373 1225 4456 praeclarum
1247 4391 1362 4436 nomen
1385 4371 1465 4449 luli,

731 4476 811 4540 arsit
832 4495 940 4541 amore
961 4494 1044 4540 novo
1065 4480 1178 4560 pectus
1199 4473 1323 4558 puerile
1345 4473 1492 4557 legendi,

730 4597 863 4644 noscere
885 4578 972 4643 bella
993 4577 1116 4644 volens.
1163 4595 1280 4660 magna
1301 4576 1420 4661 pietate
1443 4583 1599 4643 movetur.

731 4700 766 4746 se
788 4687 882 4765 putat
903 4680 1091 4761 Ascanium,
1117 4687 1251 4745 matrem
1273 4686 1367 4764 putat
1387 4698 1460 4745 esse
1482 4679 1646 4747 Creusam.

730 4783 798 4850 tilia
820 4783 907 4867 regis
929 4790 1007 4849 erat.
1055 4789 1156 4849 mater
1177 4801 1303 4866 quoque
1325 4782 1393 4849 filia
1413 4783 1512 4867 regis.

729 4895 805 4953 tunc
826 4893 919 4972 pater
939 4886 1085 4968 Aeneas,
1111 4892 1144 4951 et
1164 4904 1249 4951 nunc
1270 4892 1363 4969 pater
1384 4885 1454 4969 ipse
1476 4885 1647 4953 Iohannes.

730 4991 812 5055 haec
834 4988 1006 5054 meditatur
1027 5007 1139 5054 ovans.
1185 4995 1399 5073 pertemptant
1419 4988 1540 5072 gaudia
1562 4998 1712 5058 mentem.

586 5112 634 5154 aas
730 5093 811 5158 haec
832 5092 933 5176 patri,
959 5092 1040 5157 haec
1062 5091 1210 5167 famulis,
1236 5091 1316 5157 haec
1339 5091 1485 5157 omnibus
1506 5092 1578 5176 ipse
1599 5092 1724 5160 ferebat

345 5270 415 5275 -..-
439 5270 514 5276 ----
545 5268 751 5279 ῳ*-

415 5370 462 5420 los
481 5374 626 5433 orisonoque
646 5373 666 5418 Τ
789 5369 838 5419 165
855 5369 994 5420 madunt
1013 5370 1034 5416 Τ
1158 5368 1205 5419 loo
1222 5374 1323 5418 tentum
1343 5368 1364 5415 Τ
1487 5368 1532 5418 171
1553 5370 1679 5420 Threicias
1698 5376 1791 5436 scripsi,
1814 5379 1910 5425 traicias
1932 5378 1961 5437 T,

341 5458 460 5505 traiciens
472 5452 564 5518 Mara,
577 5459 612 5519 cs.
627 5457 725 5507 Locum
739 5456 826 5505 Plura.
841 5455 879 5503 IX
890 5457 939 5504 954
1043 5454 1090 5504 112
1109 5462 1198 5504 sextou
1213 5454 1234 5502 Τ
1332 5455 1460 5514 Abydenis
1471 5454 1558 5517 Baua,
1572 5456 1675 5506 abideus
1689 5457 1719 5519 Τ,
1733 5459 1869 5519 Abydenus
1883 5461 1961 5512 ilium.

345 5541 394 5591 178
410 5544 517 5606 priorem
537 5544 559 5589 Τ
673 5540 722 5590 178
739 5548 806 5590 setta
826 5541 846 5588 Τ
961 5539 1005 5592 181
1026 5554 1118 5604 proruo
1135 5540 1238 5590 urbm.
1357 5539 1404 5591 183
1423 5555 1502 5603 acque
1522 5542 1543 5588 Τ
1656 5541 1705 5592 184
1723 5545 1810 5605 Argiui
1828 5554 1855 5594 et
1871 5549 1965 5609 proelia

343 5629 401 5677 belli
419 5629 531 5686 Loelm„
552 5630 645 5688 Argiuo
661 5628 755 5690 proelia
772 5628 836 5676 hello
853 5626 969 5676 dabimus
986 5627 1061 5675 Bclrlr.
1186 5625 1235 5675 185
1252 5627 1365 5676 hettorea
1381 5627 1523 5690 patroculus
1543 5626 1565 5674 Τ
1688 5628 1736 5677 189
1752 5633 1892 5693 pentesilea
1911 5637 1964 5682 suis

343 5728 382 5762 res
399 5728 479 5777 usqua
497 5721 569 5762 nocte
587 5712 765 5777 perhcutusT
888 5710 936 5761 190
953 5712 1105 5774 trololusque
1123 5712 1221 5775 hucque
1242 5712 1263 5758 Τ
1385 5710 1433 5762 193
1451 5711 1587 5762 exhaustae
1604 5713 1691 5777 Reae,
1717 5724 1822 5765 exausta
1842 5717 1870 5777 Τ,
1897 5732 1962 5766 exn·
2006 5764 2012 5773 ,

342 5805 395 5847 stae
408 5799 485 5849 liora.
584 5799 632 5848 ret
651 5800 743 5847 clarum
757 5797 870 5859 Lucbm„
890 5798 947 5846 claui
962 5797 982 5844 Τ
1077 5796 1125 5847 rot
1145 5799 1268 5847 nammis
1282 5797 1303 5845 Τ
1397 5796 1445 5847 198
1463 5798 1534 5847 audit
1549 5797 1569 5844 Τ
1655 5806 1685 5848 ut
1699 5800 1728 5859 Τ,
1750 5809 1775 5850 et
1787 5804 1874 5852 mmait
1887 5804 1962 5852 Beth.

345 5883 391 5932 leo
409 5886 515 5946 legendo
534 5886 550 5932 2
567 5900 600 5933 m.
623 5882 644 5930 Τ
