5030 6734
1286 553 1434 609 CORIPPI

935 743 1122 823 Guntaritb,
1148 744 1302 809 Armenia
1322 743 1420 809 iacuit
1441 743 1496 826 qui
1518 764 1558 808 ex
1581 742 1681 807 caede
1703 736 1853 807 volutus?

934 867 1041 913 noune
1063 848 1177 932 epulas
1198 846 1282 913 inter
1303 847 1355 912 vel
1378 847 1480 913 festae
1502 846 1618 932 pocula
1639 864 1770 911 mensae

935 950 1073 1018 exsolvit
1094 950 1225 1017 meritas
1246 972 1303 1036 pro
1326 951 1425 1016 fracto
1448 951 1576 1016 foedere
1598 956 1740 1035 poenas:l

935 1054 1013 1138 quid
1035 1053 1172 1119 Statium
1193 1053 1330 1120 referam
1352 1054 1540 1139 profugum,
1566 1060 1612 1119 tot
1632 1053 1776 1137 partibus
1798 1052 1885 1118 orbis

810 1181 814 1191 ·
936 1164 1112 1239 errantem,
1140 1158 1215 1223 dum
1237 1158 1339 1223 multa
1361 1158 1465 1242 cupit,
1492 1157 1567 1222 dum
1589 1177 1674 1222 rana
1695 1155 1844 1240 requirit,

934 1281 1050 1327 nomen
1071 1262 1191 1327 habere
1213 1262 1324 1327 volens
1345 1261 1462 1327 iniusto
1485 1260 1587 1326 Marte
1608 1259 1759 1345 tyranni?

935 1384 1016 1449 quas
1038 1365 1161 1449 Libyae
1184 1364 1311 1445 clades,
1338 1384 1417 1447 quos
1439 1363 1588 1447 gentibus
1610 1363 1667 1430 ille
1689 1363 1812 1429 furores

936 1467 1079 1533 addidit!
1128 1475 1184 1533 aut
1205 1474 1323 1551 quanto
1344 1467 1519 1532 maculavit
1540 1466 1697 1559 sanguine
1720 1465 1853 1532 ferrum!

935 1571 1059 1638 tardius
1079 1572 1137 1637 illc
1159 1571 1251 1654 licet,
1278 1571 1377 1654 digua
1400 1570 1458 1636 sed
1480 1577 1579 1637 morte
1601 1576 1786 1655 peremptus

827 1721 832 1733 .
936 1674 1100 1757 occubuit,
1127 1675 1308 1758 crimenque
1330 1675 1425 1740 simul
1447 1693 1630 1759 poenasque
1652 1672 1835 1758 resumpsit.

936 1778 1066 1844 cernitis
1089 1798 1182 1862 ergo,
1208 1778 1286 1860 viri,
1313 1784 1465 1862 quantum
1488 1777 1616 1843 fortuna
1637 1778 1769 1848 laboret.

934 1881 1131 1966 principibus
1154 1900 1281 1947 serrare
1303 1880 1419 1959 fidem,
1445 1887 1662 1964 quantumque
1685 1882 1825 1947 secundo

935 1986 1036 2051 Marte
1058 1992 1151 2069 gerat
1171 1992 1271 2051 totum
1294 1985 1444 2050 Romanis
1468 1983 1604 2050 subdere
1627 1984 1791 2051 mnndum.

936 2108 1012 2172 ergo
1034 2089 1138 2172 agite,
1165 2095 1197 2154 et
1218 2088 1297 2154 belli
1319 2087 1397 2153 socii
1419 2088 1569 2171 civesque
1591 2086 1722 2169 fideles,

935 2190 1066 2275 pandite
1088 2191 1222 2274 quisque
1245 2210 1321 2256 suas
1344 2190 1377 2255 in
1400 2196 1512 2275 aperta
1533 2190 1676 2276 pericula
1697 2191 1800 2275 vires,

935 2295 1077 2360 Romano
1100 2294 1141 2360 de
1163 2314 1249 2359 more
1272 2293 1334 2379 pii,
1359 2299 1537 2378 gentesque
1558 2295 1718 2379 malignas

935 2397 1083 2482 rumpite.
1129 2403 1322 2481 cognoscant
1343 2397 1453 2482 populi
1475 2418 1631 2481 regesque
1654 2399 1794 2480 subacti,

936 2520 1018 2583 quae
1041 2502 1136 2566 rebus
1157 2500 1259 2566 virtus
1281 2508 1418 2584 atquae
1442 2501 1483 2566 sit
1504 2500 1609 2584 gloria
1631 2501 1663 2565 in
1685 2501 1795 2566 armis.

935 2604 1071 2685 cernite,
1099 2605 1157 2669 sub
1180 2605 1308 2688 quantis
1329 2604 1458 2670 iaceant
1478 2624 1562 2669 nuuc
1584 2605 1678 2686 signa
1699 2605 1845 2688 periclis,

936 2713 969 2773 et
990 2707 1141 2790 vigilate,
1167 2708 1238 2772 viri.
1285 2707 1401 2773 mediis
1422 2707 1558 2774 tentoria
1580 2707 1700 2773 Mauris

936 2811 1107 2877 vallantur.
1155 2810 1272 2876 virtute
1296 2811 1385 2876 salus
1407 2810 1581 2893 gladioque
1603 2798 1824 2895 petenda'est.

936 2915 1120 2993 coniunctos
1143 2914 1237 2980 lateri
1258 2920 1366 2979 nostro
1387 2932 1467 2996 quos
1489 2914 1594 2979 credis
1616 2914 1738 2980 amicos

936 3024 1129 3103 pacatosque
1151 3024 1266 3103 putas,
1290 3036 1367 3083 casu
1390 3017 1596 3102 speculantur
1617 3017 1651 3082 in
1673 3017 1744 3082 isto.

936 3121 965 3187 si
986 3121 1085 3187 victor
1106 3123 1268 3187 Romanus
1291 3121 1367 3199 erit,
1394 3120 1607 3202 famulantur,
1633 3119 1786 3204 adorant,

936 3232 968 3291 et
990 3225 1060 3290 sola
1081 3225 1140 3290 hos
1161 3224 1259 3291 faciet
1280 3224 1394 3290 victrix
1415 3223 1546 3320 fortuna
1564 3223 1677 3290 fideles
1785 3278 1790 3287 .

935 3335 1170 3414 conceptusque
1192 3328 1297 3395 timor.
1344 3348 1429 3394 nuuc
1451 3348 1535 3394 nuuc
1556 3327 1730 3412 insurgite,
1757 3328 1855 3394 cives.

936 3434 1016 3498 baec
1039 3439 1104 3516 est,
1132 3453 1214 3517 quae
1236 3431 1382 3517 geminas
1404 3431 1532 3516 franget
1553 3432 1686 3498 victoria
1706 3440 1825 3518 partes.

936 3535 970 3600 hi
992 3534 1101 3620 gladio
1122 3542 1271 3620 pereant,
1297 3535 1357 3600 bos
1379 3534 1479 3601 vinus
1501 3541 1620 3600 terreat
1642 3536 1762 3601 hostes.

936 3638 996 3719 ite,
1022 3637 1137 3720 duces,
1163 3658 1375 3722 numerosque
1398 3638 1477 3703 locis
1499 3637 1677 3723 componite
1700 3638 1818 3703 vestris

937 3742 1072 3826 quisque
1095 3760 1179 3806 suos.
1226 3740 1362 3826 propriis
1384 3741 1536 3807 incedunt
1557 3741 1651 3824 signa
1673 3741 1840 3826 maniplis,

937 3851 970 3912 et
990 3846 1072 3910 bene
1094 3844 1290 3929 compositas
1313 3844 1400 3910 acics
1421 3844 1456 3909 in
1478 3845 1601 3929 proelia
1622 3844 1730 3910 ferte'.

1022 3947 1163 4027 dixerat,
1190 3954 1223 4012 et
1244 3947 1328 4012 saltu
1352 3966 1424 4013 sese
1447 3966 1543 4032 super
1564 3947 1667 4012 ardua
1688 3954 1780 4031 terga

937 4050 1113 4136 composuit
1135 4050 1281 4117 sublatus
1303 4050 1387 4134 equi.
1436 4070 1570 4116 sonuere
1592 4050 1725 4116 verendi

936 4174 1027 4220 arma
1047 4154 1126 4233 viri,
1152 4154 1317 4237 caesisque
1339 4173 1422 4218 novo
1445 4153 1615 4238 splendore
1636 4173 1808 4220 coruscans

936 4258 1003 4323 sole
1025 4275 1212 4342 repercusso
1234 4257 1343 4323 radios
1363 4256 1398 4322 in
1420 4256 1543 4322 lumina
1564 4256 1668 4339 misit,

935 4361 1115 4445 loricaeque
1138 4360 1230 4426 iubar
1252 4360 1382 4426 rutilum
1409 4381 1466 4446 per
1488 4367 1594 4426 castra
1617 4360 1764 4427 cucurrit.

934 4485 998 4530 non
1020 4465 1114 4530 aliter
1135 4465 1238 4530 nubes
1261 4484 1402 4530 convexo
1426 4464 1571 4548 margine
1592 4464 1677 4529 caeli

935 4588 1095 4634 murmure
1116 4575 1202 4633 mota
1223 4588 1321 4648 novo,
1347 4568 1486 4634 medium
1511 4567 1587 4633 dum
1609 4567 1713 4651 tangit
1734 4567 1925 4652 Olympum,

935 4671 1059 4737 intonat
1080 4678 1112 4737 et
1134 4671 1239 4736 subito
1260 4671 1407 4736 flammas
1429 4693 1488 4757 per
1508 4671 1620 4737 nubila
1641 4671 1756 4736 vibrat.

934 4782 1011 4841 tnnc
1031 4794 1142 4840 omncs
1165 4775 1292 4840 saluere
1316 4774 1413 4840 duces
1436 4794 1608 4858 omnesque
1630 4775 1759 4841 tribuni.

934 4885 1008 4964 post
1027 4878 1153 4943 imitata
1175 4878 1286 4943 cohors
1307 4878 1426 4943 validis
1448 4878 1602 4944 incumbit
1623 4879 1656 4943 in
1678 4877 1781 4943 hastis

935 4980 1223 5066 quadrupedesque
1244 4981 1370 5065 premit.
1418 4982 1539 5047 saliens
1563 5001 1659 5067 snper
1680 4982 1783 5047 ardua
1806 4981 1884 5047 celsi

935 5085 1019 5150 oolla
1040 5091 1179 5151 retentat
1201 5085 1285 5168 equi.
1332 5085 1461 5169 sonipes
1484 5085 1570 5150 celer
1591 5104 1729 5167 aequore
1752 5091 1817 5151 toto

935 5194 1100 5273 oppugnat
1121 5187 1237 5263 frenis,
1264 5186 1378 5252 dextra
1399 5188 1557 5270 laevaque
1579 5208 1637 5272 per
1658 5187 1774 5253 herbas

790 5314 838 5353 ru·
936 5291 1120 5358 subsiliens.
1168 5291 1313 5375 colloque
1335 5310 1448 5356 manus
1471 5290 1547 5356 dum
1570 5289 1667 5357 sentit
1690 5289 1826 5371 beriles,

936 5395 1057 5480 gaudet
1079 5395 1166 5462 etin
1188 5395 1271 5460 latos
1294 5395 1432 5461 luctatur
1453 5413 1579 5460 currere
1600 5413 1740 5479 campos.

557 5552 621 5558 --
805 5549 958 5556 -.-

617 5625 667 5674 ⁴27
686 5627 750 5674 laste
767 5625 788 5673 Τ
884 5623 934 5673 434
953 5628 1031 5672 mute
1043 5623 1216 5685 pertentari*
1314 5621 1364 5671 435
1382 5620 1533 5670 incubultT
1631 5621 1681 5670 440
1700 5622 1765 5669 uiros
1782 5622 1803 5668 T
1898 5622 1949 5671 443
1967 5626 1993 5670 in
2006 5624 2082 5671 armis
2098 5628 2109 5671 1
2124 5640 2170 5683 m.,

548 5713 634 5761 martis
653 5714 669 5759 ἱ)
685 5728 720 5762 m.
745 5712 766 5759 Τ
878 5709 1069 5759 circumter
1173 5709 1373 5769 immutilata,
1393 5710 1487 5757 iactam
1507 5708 1528 5755 Τ
1639 5707 1688 5756 447
1708 5709 1834 5756 coniuncti
1854 5707 1932 5756 ilium.
2048 5708 2098 5758 452
2116 5711 2170 5757 uir·

547 5799 610 5847 toria
621 5804 704 5859 partas
721 5797 742 5844 Τ
835 5796 883 5846 464
902 5798 948 5845 lool
966 5797 987 5844 Τ
1079 5794 1126 5846 461
1147 5796 1254 5844 oocunlt
1268 5797 1289 5843 Τ
1382 5794 1432 5843 465
1451 5796 1547 5844 saluere
1562 5795 1646 5857 Bella,
1661 5795 1753 5842 sllucrc
1769 5795 1788 5840 Τ
1883 5793 1934 5843 466
1952 5794 2047 5844 ualidas
2060 5796 2134 5845 Bclrlr.

547 5885 632 5935 hastas
648 5884 724 5933 Belle.
829 5883 879 5934 46ῑ
898 5898 975 5945 super
994 5883 1135 5943 ammes,
1157 5898 1212 5946 pars
1235 5883 1256 5930 Τ
1357 5882 1404 5932 4ῖ4
1426 5883 1535 5930 luctatur
1552 5881 1638 5944 Bella,
1653 5881 1747 5929 luctatu
1771 5881 1798 5939 Τ,
1817 5881 1923 5931 lactatur
1941 5879 2019 5931 Muza.
