5042 6726
552 563 696 631 XLVIII
1260 561 1491 619 PROOEMIVII,

560 791 684 865 cuntur,
709 783 744 849 in
766 784 876 869 quinto
899 784 1074 850 editionum
1096 784 1313 851 inveniuntur.
1357 784 1523 851 Librorum
1546 784 1644 867 igitur
1665 782 1800 864 numeri,
1826 800 1906 865 quos
1928 781 2198 847 Mazzucchellius

562 904 742 986 coustituit,
776 904 823 970 ita
852 904 1045 971 immutandi
1074 911 1165 988 sunt,
1196 911 1231 969 ut
1258 903 1340 969 liber
1361 903 1403 967 V⁸
1425 904 1481 968 VIq
1504 904 1578 968 VII⁸
1607 901 1782 968 editionum
1804 902 1862 966 VI·
1885 902 1958 966 VII³
1980 901 2071 966 VIII⁸
2092 901 2197 966 nomi-

561 1031 687 1106 nentur,
715 1024 798 1089 liber
820 1024 876 1087 IV³
899 1024 1069 1109 bipartitus
1092 1023 1235 1089 numeris
1257 1024 1303 1087 IV
1325 1029 1357 1088 et
1379 1023 1407 1087 V
1430 1022 1585 1106 signetur.
1628 1021 1690 1086 Vbi
1713 1021 1795 1086 liber
1817 1029 1950 1105 quartus
1973 1027 2077 1101 exeat,
2104 1020 2198 1101 quin-

559 1148 614 1208 tus
635 1142 779 1227 incipiat,
805 1163 862 1227 pro
885 1151 971 1211 certo
994 1143 1166 1210 diiudicari
1186 1142 1297 1226 nequit
1306 1143 1343 1225 6).

651 1260 801 1327 Codioem
817 1262 1062 1346 Trivultianum,
1085 1263 1141 1346 qui
1159 1262 1273 1327 domus
1289 1260 1511 1327 nobilissimae
1526 1259 1753 1325 bibliothecam
1768 1259 1927 1344 privatam
1944 1259 2019 1325 inde
2035 1280 2055 1324 a
2070 1265 2198 1324 centurn

561 1379 695 1465 triginta
717 1380 784 1446 fere
806 1382 900 1446 annIs
923 1388 1066 1464 exornat,
1092 1389 1128 1447 ut
1148 1381 1220 1466 ipse
1247 1379 1424 1446 Mediolani
1444 1379 1478 1444 in
1500 1379 1594 1445 domo
1616 1399 1657 1445 ea
1679 1366 1851 1464 diligenter
1872 1379 1978 1445 denuo
2001 1386 2194 1461 excuterem,

563 1501 703 1567 Iacobus
726 1500 920 1585 Trivultius‚
947 1500 1088 1566 marchio
1110 1501 1343 1582 nobilissimus,
1370 1499 1537 1565 Theodoro
1559 1499 1756 1565 Mommseno
1779 1498 1902 1584 petenti
1923 1498 2100 1565 liberaliter
2122 1518 2199 1563 con-

565 1620 674 1687 cessit.
713 1620 828 1685 Plures
850 1620 993 1704 quotidie
1016 1640 1074 1706 per
1094 1619 1191 1686 boras
1212 1619 1314 1686 codici
1329 1618 1523 1685 conferendo
1539 1639 1668 1703 operam
1685 1618 1774 1683 danti
1789 1618 1868 1683 mihi
1883 1638 2045 1702 nunquam
2060 1638 2124 1683 non
2138 1616 2199 1681 ad-

565 1739 629 1805 fuit
649 1759 754 1805 comes
770 1740 989 1806 nobilissimus
1004 1739 1107 1831 Iulius
1121 1741 1230 1824 Porro,
1255 1740 1288 1804 in
1311 1759 1373 1822 quo
1395 1738 1465 1804 viro
1488 1737 1654 1822 egregiam
1677 1736 1888 1803 eruditionem
1910 1744 2008 1821 atque
2021 1738 2198 1804 doctrinam

564 1858 816 1924 iucundissimae
839 1860 979 1926 comitati
1002 1867 1034 1926 et
1055 1858 1203 1924 facilitati
1226 1858 1273 1925 sic
1294 1860 1436 1925 iunctam
1458 1858 1541 1941 vidi,
1567 1864 1620 1939 ut,
1646 1856 1826 1923 fructumne
1848 1857 2001 1923 maiorem
2023 1878 2066 1923 an
2088 1857 2198 1922 delec-

564 1977 721 2043 tationem
744 1979 814 2043 eius
838 1999 878 2043 ex
901 1998 1045 2045 sermone
1068 1979 1350 2064 perceperimus
1373 1997 1457 2043 uunc
1478 1977 1607 2060 quidem
1631 1976 1737 2041 dicere
1760 1996 1888 2058 queam.
1935 1976 2198 2059 Quandoonnqne

566 2096 609 2162 ad
632 2097 708 2162 libri
730 2098 941 2184 manuscripti
962 2100 1066 2164 locum
1089 2098 1320 2179 difficiliorem,
1346 2117 1459 2183 parum
1481 2097 1654 2179 diligenter
1675 2094 1827 2180 scriptum
1850 2097 2079 2181 rescriptumve
2101 2096 2200 2162 deve-

566 2237 689 2299 neram,
719 2218 854 2283 consilio
878 2238 948 2283 curn
971 2218 1039 2283 viro
1061 2217 1247 2284 doctissimo
1268 2217 1386 2283 collato
1409 2215 1624 2282 dubitationes
1646 2216 1773 2281 solvere
1795 2216 1875 2281 mihi
1896 2216 1997 2282 licuit.
2045 2217 2200 2294 Quotiens

567 2337 731 2403 oculorum
755 2336 894 2402 animive
916 2336 986 2402 acie
1007 2337 1138 2402 nimiam
1160 2344 1233 2422 post
1254 2336 1463 2402 intentionem
1486 2337 1601 2401 obtusa
1623 2356 1753 2421 operam
1768 2335 1936 2420 paulisper
1949 2336 2195 2419 intermiseram,

568 2455 829 2522 confabulatione
851 2455 943 2520 brevi
964 2456 1197 2522 iucundissima
1218 2438 1365 2522 refectus¹
1380 2457 1477 2540 plena
1492 2456 1658 2521 alacritate
1674 2454 1717 2521 ad
1732 2454 2004 2549 negotiumredii.
2043 2455 2119 2521 Viro
2133 2463 2199 2521 tarn

569 2576 700 2658 egregie
723 2575 763 2640 de
787 2573 902 2640 studiis
925 2574 1015 2640 hisce
1037 2576 1149 2641 mento
1172 2575 1249 2660 quin
1271 2576 1400 2661 publice
1423 2575 1520 2640 etiam
1543 2583 1651 2658 grates
1673 2595 1815 2659 agerem,
1842 2573 1949 2640 facere
1971 2595 2035 2639 nou
2057 2576 2158 2661 potui.

654 2693 856 2760 Trivultiano
878 2693 912 2758 in
935 2693 1044 2759 codice
1067 2715 1130 2759 non
1152 2695 1281 2778 integra
1302 2695 1455 2760 Iohannis
1476 2695 1570 2761 inest.
1618 2696 1687 2760 Iam
1715 2695 1799 2761 enim
1830 2694 1864 2759 in
1895 2694 1977 2759 libro
2007 2696 2195 2779 antiquiore,
2254 2698 2260 2710 '

567 2834 586 2879 e
609 2836 672 2898 quo
694 2814 915 2879 Trivultiauus
936 2813 1089 2895 manavit,
1115 2814 1190 2879 libri
1213 2813 1317 2879 octavi
1341 2813 1413 2878 finis
1436 2814 1555 2895 defuit,
1581 2815 1722 2898 locisque
1749 2814 1966 2899 compluribus
1988 2815 2083 2880 modo
2106 2814 2197 2897 folia,

567 2934 601 2999 ni
624 2934 731 3015 fallor,
758 2932 886 3016 singula
914 2931 968 3016 (IV
991 2936 1054 2997 266
1077 2933 1155 2997 VIII
1178 2936 1267 3017 369),
1293 2933 1387 2998 modo
1409 2933 1558 2998 foliorum
1580 2941 1688 3017 partes
1715 2934 1769 3016 (VI
1792 2936 1958 2999 585-591
1993 2936 2071 2999 VIII
2093 2938 2201 2999 622-

568 3057 643 3118 626.
669 3054 849 3133 656-656)
875 3052 1049 3137 perierant.
1088 3052 1139 3117 Ne
1161 3053 1232 3137 ipse
1255 3052 1475 3118 Trivultianus
1497 3051 1626 3136 quidem
1648 3059 1825 3137 temporum
1847 3054 2027 3136 iniquitatis
2047 3054 2201 3120 immunis
2232 3048 2236 3053 '

567 3173 638 3238 fuit.
686 3173 713 3237 E
735 3171 821 3238 foliis
844 3171 929 3236 enirn
953 3172 1285 3257 septuaginta,‘quae
1309 3172 1439 3255 singula
1462 3192 1641 3255 sexagenos
1663 3172 1757 3237 binos
1779 3173 1847 3238 iere
1869 3193 1981 3240 versus
2003 3174 2201 3241 Iohannidos
2225 3226 2233 3271 ,Ι

569 3292 784 3373 continebant,
812 3292 988 3358 secundum
1011 3299 1044 3358 et
1066 3293 1237 3377 septimum
1266 3293 1290 3375 <1
1313 3294 1366 3356 22.
1392 3294 1463 3371 270)
1490 3290 1731 3357 interciderunt.
2224 3294 2230 3367 l

656 3410 767 3478 Codex
799 3414 989 3478 chartaceus
1018 3432 1038 3476 a
1060 3412 1191 3477 librario
1213 3432 1326 3497 parurn
1349 3411 1451 3496 perito
1473 3430 1650 3494 parumque
1672 3411 1823 3495 diligenti
1844 3433 1930 3479 saec.
1955 3415 2033 3479 XIV
2054 3415 2201 3499 apicibus
2234 3412 2248 3423 “

569 3530 760 3597 minusculis
792 3533 929 3618 scriptus
959 3538 1018 3598 est.
1066 3530 1151 3609 Quid
1184 3532 1345 3615 legerem,
1382 3529 1573 3614 aliquotiens
1607 3529 1763 3596 dubitavi.
1808 3532 1922 3615 Neque
1956 3533 2040 3598 enim
2074 3534 2201 3600 litterae

569 3655 582 3714 z'
603 3673 625 3714 u
647 3672 668 3714 o
691 3672 731 3733 m,
758 3651 812 3717 ubi
833 3652 917 3716 inter
940 3651 1124 3716 seiunctae
1147 3657 1325 3730 occurrunt,
1351 3657 1438 3715 certo
1461 3669 1587 3734 semper
1608 3649 1754 3732 dignosci
1775 3659 1920 3735 possunt,
1947 3660 1979 3718 et
1992 3672 2105 3719 versus
2119 3674 2201 3718 non-

570 3770 653 3835 nulli
676 3771 818 3836 secunda
840 3791 956 3853 manu,
986 3789 1069 3852 quae
1091 3790 1112 3834 a
1133 3769 1237 3854 prima
1259 3767 1348 3834 haud
1368 3768 1465 3834 facile
1488 3768 1695 3851 discernitur,
1727 3769 1774 3836 ita
1795 3770 1954 3837 immutati
1977 3779 2069 3854 sunt,
2102 3779 2138 3837 ut
2160 3793 2200 3838 ne

568 3909 695 3956 summa
727 3890 857 3974 quidem
890 3890 1055 3956 oculorum
1086 3887 1262 3969 iudiciique
1296 3888 1470 3953 intentione
1503 3887 1734 3954 dubitationem
1768 3910 1894 3956 omnem
1930 3892 2044 3958 tollere
2080 3893 2198 3977 possis.

571 4009 721 4075 Cetemm
751 4008 913 4076 secundae
942 4026 1057 4072 manus
1087 4006 1242 4073 lectiones
1270 4026 1334 4072 non
1362 4026 1380 4073 e
1410 4006 1519 4073 codice
1545 4008 1612 4074 ullo
1634 4028 1803 4092 manasse,
1836 4008 1895 4075 sed
1916 4010 2107 4077 coniecturis
2129 4000 2226 4083 raro'l

568 4128 718 4194 felicibus
740 4135 827 4194 ortas
850 4148 923 4193 esse
944 4126 1105 4194 nerninem
1127 4125 1243 4209 fugiet.
2219 4096 2233 4147 ἰι

655 4248 724 4313 Iam
739 4247 932 4313 Itivultiani
954 4245 1073 4313 codicis
1096 4244 1137 4312 de
1160 4246 1386 4329 orthcprophiu,
1413 4246 1505 4313 cuius
1526 4247 1656 4313 brevem
1680 4255 1885 4333 conspectum
1907 4251 1967 4315 viti
1982 4250 2068 4317 docti
2081 4250 2201 4317 Iohan-

568 4367 638 4434 nidi
659 4366 883 4435 emendandae
905 4387 1034 4451 operam
1057 4365 1206 4432 navaturi
1228 4364 1400 4450 requirent,
1425 4385 1531 4449 pauca
1552 4366 1694 4451 praefari
1715 4368 1822 4435 liceat.

656 4543 672 4585 e
694 4543 730 4586 oe
752 4543 786 4585 oc
807 4542 982 4605 nunquam,
1007 4524 1020 4584 i
1039 4543 1058 4604 p
1080 4540 1153 4585 raro
1175 4519 1398 4585 discernuntur

656 4664 678 4706 o
701 4662 758 4727 pro
781 4665 797 4704 o
818 4641 947 4727 ponitur
968 4640 1002 4706 in
1023 4640 1075 4705 his
1097 4639 1246 4705 vocibus:

570 4763 776 4846 conglnmero
798 4761 843 4826 VI
865 4763 927 4826 484
1423 4761 1550 4829 lucutns
1572 4762 1674 4847 praef.
1702 4765 1742 4826 25
1779 4764 1812 4827 Π
1835 4765 1897 4827 336
1933 4762 1982 4826 III
2008 4763 2057 4827 12.
2084 4764 2125 4825 53

570 4865 725 4930 contursit
747 4864 792 4930 IV
815 4865 878 4930 839
1424 4864 1528 4930 lurIca
1547 4864 1626 4929 VIII
1648 4867 1711 4929 493

570 4967 772 5032 cumolausus
793 4967 811 5032 I
833 4970 894 5031 551
1424 4966 1597 5031 muriturus
1619 4965 1665 5030 IV
1687 4969 1750 5029 2112

570 5088 735 5135 oumcnrrc
755 5069 803 5134 IV
827 5071 906 5132 1617
1425 5073 1535 5133 muvet
1556 5066 1601 5131 IV
1624 5069 1686 5129 525

570 5170 739 5236 cumvenio
761 5170 795 5235 Π
818 5173 858 5233 74
1424 5170 1519 5235 rubor
1540 5168 1586 5234 IV
1610 5170 1693 5232 1069

570 5273 737 5338 cnmvclvo
759 5273 821 5337 VII
844 5275 905 5335 117
1424 5271 1589 5338 rumuleus
1611 5270 1657 5334 IV
1680 5272 1742 5335 893

570 5373 718 5440 cuncutio
740 5373 756 5438 Ι
782 5375 842 5438 158
1423 5371 1559 5457 trepulis
1584 5370 1744 5457 {Ihipolisl
1770 5375 1804 5439 Π
1829 5377 1889 5438 117

570 5476 678 5543 heulis
705 5476 845 5560 (Aeoliis)
873 5476 992 5540 11256
1424 5474 1514 5541 uliua
1535 5474 1568 5538 H
1589 5475 1652 5538 203
1689 5474 1739 5539 ΠΙ
1762 5477 1814 5541 32.
1841 5479 1983 5542 72256

659 5819 684 5883 6)
705 5821 831 5869 Gustatus
844 5822 932 5869 Locus
950 5821 987 5870 sie
1004 5820 1097 5869 librum
1115 5820 1281 5871 dividendum
1299 5823 1524 5884 monumentor,
1545 5828 1575 5871 nt
1592 5827 1680 5885 quarto
1692 5837 1780 5873 rursus
1792 5823 1853 5885 644,
1873 5824 1961 5887 quinto
1973 5822 2022 5873 627
2042 5825 2200 5875 addicantur,
