5030 6734
1275 502 1423 558 CORIPPI

925 700 1062 764 tractatu
1087 693 1175 759 vario
1197 700 1322 759 noctem
1345 712 1490 759 sermone
1512 693 1686 759 trahentes.

926 797 1046 881 gaudia
1068 796 1203 863 militiae
1225 797 1368 863 referunt
1388 796 1559 880 tristesque
1581 797 1726 878 labores,

926 908 1070 984 quasque
1093 900 1228 965 Latinus
1249 900 1317 983 agit
1339 900 1470 966 vincens
1492 900 1652 966 exercitus
1675 900 1801 980 orbem,

926 1023 1010 1069 nunc
1031 1004 1114 1069 bene
1137 1004 1323 1068 commissas
1345 1004 1520 1069 referentes
1542 1003 1651 1068 ordine
1674 1022 1815 1088 pugnas,

908 1127 1011 1179 nunc
1031 1107 1116 1171 male
1138 1114 1231 1190 gesta
1251 1127 1333 1173 novo
1356 1113 1568 1172 memorantes
1590 1107 1677 1172 bella
1699 1105 1818 1171 dolore.

927 1209 1003 1274 dum
1026 1208 1156 1275 diversa
1177 1217 1314 1291 canunt,
1340 1210 1452 1275 ductor
1474 1209 1521 1275 sic
1542 1207 1622 1275 forte
1645 1209 1780 1275 locutus.

930 1313 1054 1395 ‘qualis
1076 1312 1111 1376 in
1134 1312 1276 1377 adventu
1298 1311 1403 1378 fuerat
1425 1319 1499 1377 tunc
1520 1311 1630 1378 Africa
1651 1318 1777 1391 nostro,

926 1415 1063 1499 coccii,
1090 1415 1196 1480 saevis
1219 1420 1307 1481 esset
1328 1436 1399 1481 cum
1421 1415 1563 1480 maxima
1585 1415 1694 1498 regnis

926 1518 1005 1583 ultio
1027 1517 1127 1583 missa
1149 1517 1218 1598 dei,
1247 1517 1369 1584 tristam
1392 1538 1475 1600 quae
1498 1519 1557 1584 rite
1580 1524 1749 1602 tyrannum

926 1619 1201 1703 Vandalicumque
1222 1640 1326 1704 genus
1348 1629 1481 1687 centeno
1504 1622 1653 1705 perderet
1674 1641 1774 1701 auno,

927 1722 1082 1789 Geilamir
1103 1723 1257 1789 infandus
1279 1723 1426 1805 quamvis
1448 1731 1624 1790 vexaverat
1645 1723 1740 1790 Afros

925 1826 1170 1911 perdideratque
1193 1845 1328 1909 nocens,
1354 1848 1491 1910 magnus
1513 1848 1576 1909 quo
1598 1835 1740 1913 tempore
1763 1826 1874 1893 ductor

927 1929 985 1994 sub
1007 1930 1085 2013 iuga
1108 1929 1258 1995 Sidonias
1279 1930 1366 1995 misit
1388 1930 1565 1996 Belisarius
1587 1950 1695 2014 arces,

926 2032 1123 2118 principibus
1146 2040 1272 2118 captum
1295 2040 1505 2118 praesentans
1529 2034 1606 2100 urbe
1628 2037 1814 2118 tyrannum!

926 2156 1022 2219 quam
1045 2135 1143 2201 celeri
1165 2155 1260 2201 cursu
1282 2136 1415 2200 summis
1436 2143 1482 2202 tot
1503 2137 1590 2202 bella
1612 2144 1742 2222 peracta

928 2238 1066 2321 viribus,
1092 2245 1147 2304 aut
1170 2258 1252 2322 quae
1275 2237 1374 2322 digna
1396 2239 1499 2305 virum
1522 2240 1648 2305 fortuna
1670 2247 1781 2307 secuta
1803 2245 1867 2305 cst!

927 2341 995 2406 ibat
1015 2341 1049 2405 in
1071 2340 1227 2407 adductas
1251 2343 1361 2407 densis
1384 2343 1541 2408 exercitus
1564 2345 1693 2409 umbras

927 2444 1110 2527 arboribus,
1137 2444 1239 2529 rapidi
1262 2466 1322 2510 uec
1345 2445 1422 2511 solis
1444 2445 1584 2511 torridus
1607 2446 1701 2511 ardor

929 2547 1063 2612 militiae
1084 2549 1192 2613 nocuit
1213 2548 1340 2614 fervens
1362 2554 1486 2614 aestate
1508 2556 1653 2633 perusta,

929 2670 1122 2733 quamquam
1144 2658 1316 2717 autumnus
1338 2658 1423 2735 erat,
1449 2652 1570 2717 Phoebi
1593 2652 1760 2718 candentis
1783 2658 1815 2717 et
1836 2672 1898 2717 axe

928 2754 1033 2819 tristia
1053 2755 1141 2820 bella
1162 2754 1267 2837 magis
1289 2755 1396 2820 calida
1415 2755 1609 2821 inferrentur
1630 2755 1759 2821 harena.

929 2876 990 2922 neo
1011 2857 1115 2922 minus
1138 2864 1170 2922 et
1192 2863 1300 2943 capto,
1326 2857 1413 2923 lacta
1434 2858 1499 2923 iam
1521 2878 1616 2943 pace,
1642 2866 1777 2942 tyranno

932 2960 1019 3025 laeta
1040 2959 1113 3024 fuit.
1159 2960 1288 3045 plenam
1311 2960 1446 3045 Libyam
1469 2961 1651 3044 cultamque
1673 2962 1803 3045 reliqui,

930 3062 1026 3145 inque
1049 3067 1134 3127 statu
1156 3063 1283 3147 proprio
1305 3083 1357 3129 mc
1380 3063 1565 3130 discedente
1588 3065 1742 3130 remansit

931 3173 963 3232 et
984 3165 1107 3231 melior.
1154 3184 1224 3231 sum
1246 3185 1382 3250 namque
1405 3187 1535 3232 memor.
1582 3167 1738 3237 fecunda.
1764 3168 1947 3234 redundans

930 3269 1094 3352 frugibus,
1121 3276 1154 3335 et
1174 3269 1295 3335 fructus
1317 3270 1427 3336 lumen
1449 3270 1613 3336 fundentis
1635 3271 1739 3337 olivae

931 3379 963 3438 et
985 3373 1096 3439 latices
1119 3372 1196 3438 laeti
1218 3380 1349 3456 turgens
1372 3374 1531 3441 referebat
1552 3374 1671 3440 Iacchi.

931 3496 994 3560 par
1017 3482 1087 3542 erat
1106 3476 1174 3541 alta
1195 3476 1284 3541 locis.
1332 3497 1414 3559 quae
1436 3482 1527 3543 tanta
1548 3476 1674 3542 insania
1696 3477 1792 3560 belli,

930 3579 1002 3661 quis
1025 3580 1112 3644 furor
1132 3580 1253 3645 exarsit
1274 3578 1400 3645 miseris
1422 3579 1555 3645 maanus
1576 3579 1610 3644 in
1632 3580 1741 3645 arvis?

931 3703 1013 3765 quae
1036 3688 1143 3747 movet
1163 3682 1322 3748 immerito
1344 3683 1493 3767 quatiens
1515 3683 1650 3749 Bellona
1673 3682 1802 3766 flagello

930 3785 1114 3851 innumeras
1137 3791 1271 3867 gentes?
1314 3785 1366 3851 vel
1388 3805 1471 3869 quae
1494 3786 1638 3851 succedit
1659 3786 1776 3869 Erinys

932 3895 964 3953 ct
985 3888 1220 3954 Phaethonteos
1242 3889 1451 3954 commiscens
1472 3889 1622 3973 gentibus
1644 3889 1736 3971 ignes

931 3979 1037 4057 omnia
1059 3992 1105 4057 sic
1126 3991 1259 4076 mergit,
1284 3991 1395 4057 valida
1416 3993 1545 4058 labente
1567 3992 1682 4058 ruina?

932 4095 983 4160 dic
1004 4115 1084 4178 age,
1110 4094 1256 4179 quisquis
1277 4095 1357 4161 ades
1379 4096 1518 4180 quaesiti
1538 4096 1690 4181 temporis
1710 4096 1834 4162 index'.

1018 4198 1153 4263 Gentius
1175 4198 1325 4281 egregius
1347 4199 1545 4285 respondens
1567 4219 1644 4265 voce
1667 4200 1837 4283 magistro,

931 4303 1022 4386 isque
1045 4302 1215 4387 magister,
1242 4302 1298 4367 ait.
1349 4301 1465 4386 ‘digno
1488 4302 1669 4369 venerande
1693 4303 1801 4369 favore

931 4414 1034 4472 rector
1055 4425 1177 4471 summe
1199 4404 1334 4488 ducum,
1359 4406 1500 4472 nutantis
1523 4386 1649 4472 destiffa
1670 4416 1790 4488 terrae,
1867 4388 1939 4445 μ’

931 4529 1006 4595 spes
1028 4509 1150 4593 Libyae
1172 4509 1334 4593 nostrique
1356 4509 1448 4575 favor
1468 4509 1632 4593 virtusque
1652 4510 1821 4596 triumphi,

930 4613 1030 4699 impia
1052 4632 1134 4694 quae
1157 4612 1254 4678 fuerit
1274 4612 1352 4678 belli
1375 4613 1537 4679 nascentis
1558 4613 1665 4698 origo,

931 4736 989 4782 nos
1010 4717 1090 4782 lutet
1110 4715 1267 4783 abstrusis
1289 4716 1416 4801 penitus
1438 4723 1586 4783 contentu
1608 4717 1749 4783 latebris.

932 4826 1038 4886 vester
1059 4819 1238 4886 Caecilides
1260 4820 1319 4885 illa
1341 4820 1382 4885 de
1405 4827 1494 4905 purte
1516 4820 1680 4902 tribunus,

932 4923 961 4989 si
983 4923 1088 4988 iussus
1110 4923 1215 5008 coepti
1236 4921 1354 4988 referat
1376 4922 1560 4988 discrimina
1581 4923 1678 5005 belli,

932 5033 1045 5092 cuncta
1066 5024 1179 5091 docere
1201 5032 1315 5111 potest.
1364 5025 1455 5091 ouius
1477 5025 1594 5111 quippe
1617 5025 1724 5090 omnia
1745 5025 1834 5090 norit

931 5130 965 5194 in
988 5128 1093 5214 patria
1115 5128 1284 5194 commissa
1306 5147 1382 5211 sua,
1407 5135 1584 5212 gentesque
1608 5129 1757 5211 locosque

931 5240 1154 5316 auctoremque
1176 5232 1254 5299 mali
1276 5232 1371 5318 prisci
1394 5252 1452 5298 seu
1473 5231 1626 5316 temporis
1646 5231 1754 5297 iram'.

1952 4384 1977 4465 y·
1991 4373 2053 4429 lit<

615 5480 629 5529 t
647 5486 750 5532 tractato
762 5482 831 5531 narie
843 5482 918 5534 Belrlr.
1008 5478 1040 5529 12
1058 5480 1120 5529 torte
1136 5478 1164 5539 T,
1184 5491 1224 5525 ore
1238 5475 1316 5525 Muza.
1404 5477 1504 5525 locutus
1521 5476 1542 5523 T
1638 5475 1668 5526 14
1686 5490 1743 5524 curn
1755 5475 1840 5536 Bella,
1861 5477 1919 5525 dum
1937 5476 1958 5525 T
2056 5479 2085 5530 17
2104 5495 2164 5531 nes·

544 5575 642 5616 uouerat
653 5569 720 5616 afron
736 5568 757 5615 T
860 5568 894 5618 20
912 5573 1005 5617 cattum
1021 5567 1041 5614 T
1143 5564 1175 5615 23
1194 5563 1298 5612 aductus
1312 5563 1332 5609 T
1436 5562 1468 5611 26
1486 5577 1635 5625 quamquam
1650 5563 1679 5624 T,
1696 5576 1803 5624 urumque
1816 5563 1915 5613 Luebm.
2004 5569 2130 5616 mutantis
2146 5569 2165 5615 Τ

545 5654 578 5702 30
596 5653 745 5703 descedente
767 5654 787 5701 Τ
891 5653 923 5703 32
941 5654 1011 5702 ullus
1031 5652 1052 5699 Τ
1156 5650 1188 5699 35
1207 5652 1313 5699 lnsonnu
1333 5650 1353 5696 Τ
1457 5648 1489 5697 36
1508 5651 1624 5711 quotiens
1641 5650 1662 5696 T
1763 5648 1794 5697 bl
1815 5650 1946 5699 berluluT
2049 5652 2082 5703 38
2100 5654 2164 5715 plue-

546 5745 643 5787 touteos
666 5739 686 5785 Τ
789 5739 822 5790 40
840 5741 900 5789 ades
918 5740 1002 5799 netu,
1023 5753 1051 5787 aa
1070 5737 1091 5784 T
1194 5734 1227 5785 ta
1246 5737 1319 5798 loque
1340 5735 1369 5795 T,
1389 5735 1443 5797 ipae
1462 5735 1560 5783 meum.
1666 5734 1699 5783 ta
1717 5735 1827 5783 rettch
1928 5738 1961 5786 ld
1979 5739 2101 5787 abstrusis
2118 5738 2166 5787 dtr·

544 5825 624 5872 bitum
644 5823 734 5885 More„
754 5827 887 5874 abstrusus
907 5825 936 5887 T,
956 5826 1088 5873 obstructis
1106 5823 1180 5871 Bekis.
1287 5821 1315 5870 bl
1338 5823 1374 5871 tra
1394 5822 1414 5869 Τ
